3224 5108
129 239 193 303 324
724 247 762 305 Α.
788 247 882 304 1363.

130 430 197 516 ipse
219 450 423 516 oeeupeuerst
447 442 606 500 terrenum
637 446 669 498 et
691 434 776 517 qnod
798 434 849 497 ris
874 434 1053 498 eommunis
1080 432 1213 516 antiqua
1242 440 1318 499 erat
1354 444 1409 499 tot
1436 456 1511 519 pos

129 539 220 583 suum
239 522 340 606 magis
355 521 445 589 infre
468 542 562 606 quom
583 523 623 588 sit
639 522 679 585 od
696 540 835 605 presens.
858 519 899 586 Et
921 521 1006 605 quod
1028 521 1081 584 isti
1096 545 1164 585 nm
1179 541 1297 605 pasus
1321 534 1357 587 et
1384 523 1511 590 obinde

130 626 223 689 supro
246 618 346 674 totum
369 611 410 674 sit
433 611 609 674 eommunis
633 608 772 694 ngusii

216 711 384 798 Repertum
409 714 478 779 t'uit.
501 714 585 796 quod
607 714 713 778 dietus
734 712 841 777 statue
864 714 1072 795 pastinarent
1095 713 1128 775 in
1156 726 1284 779 terreno
1311 718 1510 783 eommunis

129 819 240 882 possus
263 826 370 866 men.

215 992 436 1058 Possessio
458 992 633 1058 Perveni
656 989 930 1056 dietosesieh.

215 1080 413 1144 Summntum
437 1081 505 1157 suit,
534 1101 589 1163 per
611 1099 730 1145 omnes.
761 1081 845 1162 quod
877 1079 1033 1162 possessio
1055 1078 1186 1145 Perveni
1210 1078 1421 1147 statosevieh
1447 1085 1504 1149 de-

130 1167 199 1231 beet
223 1170 366 1233 reeedere
397 1189 415 1231 u
439 1169 571 1232 moseris
593 1168 753 1251 superiore
775 1182 806 1231 et
830 1167 876 1230 ire
898 1166 1030 1231 inferius
1053 1188 1107 1250 per
1137 1187 1249 1249 pessus
1273 1193 1366 1234 nnn
1394 1176 1429 1235 et
1455 1172 1502 1237 ire

128 1254 239 1320 debeor
270 1256 446 1321 elevante
472 1257 512 1319 ud
534 1255 708 1321 Ponentem
739 1254 911 1319 seeundum
935 1274 1024 1319 susm
1046 1254 1300 1339 amplitudinem.
1340 1255 1384 1321 Et
1409 1261 1501 1342 quod

129 1341 172 1405 ilii
205 1362 314 1425 possus
337 1368 421 1407 mm
451 1355 482 1407 et
505 1343 618 1407 obinde
645 1363 739 1426 supro
770 1350 871 1406 totum
901 1341 941 1405 sit
971 1343 1157 1417 eommunis,
1189 1344 1372 1408 mundum
1409 1347 1499 1429 quod

127 1430 248 1494 obitum
271 1430 330 1494 suit
354 1451 409 1514 per
432 1442 527 1496 tostoe
550 1432 743 1495 ersminntos
766 1430 806 1494 de
828 1430 913 1493 diets
934 1431 1139 1512 possessione.

216 1534 384 1618 liopertum
407 1535 476 1609 t'uit,
500 1536 584 1618 quod
606 1535 765 1600 Perrenus
780 1534 939 1617 predis-tus
963 1535 1172 1615 postinsseret
1196 1534 1228 1598 in
1251 1544 1383 1601 terreno
1408 1558 1498 1604 eom·

129 1641 233 1687 munis
257 1642 367 1707 pessus
390 1647 454 1688 ure.

214 1814 436 1880 Possessio
460 1814 590 1878 Aniee
612 1813 752 1877 uxoris
776 1812 907 1878 sueni
929 1813 977 1878 de
999 1812 1250 1880 Choredino.

214 1902 411 1967 Summstum
435 1902 493 1964 t‘uit
517 1921 572 1984 per
595 1901 744 1965 maiorem
769 1914 889 1983 portem
912 1901 1060 1975 iudicum,
1094 1901 1178 1984 quod
1202 1903 1363 1983 possessio
1389 1906 1493 1972 Aniee

128 1987 241 2054 Uxoris
265 1989 364 2054 Rue-hi
396 1991 435 2054 de
464 1988 653 2064 Chomdino‚
685 1989 768 2072 ‹puod
790 1989 900 2053 debent
930 1989 1074 2054 resedere
1104 2009 1123 2052 s
1150 1989 1283 2054 mazeris
1314 1991 1493 2058 orehstns

128 2074 223 2141 iotere
240 2077 386 2143 levantis
408 2078 490 2141 dieto
506 2077 722 2159 possessionis.
744 2086 776 2142 et
791 2077 876 2158 quod
891 2075 1002 2140 debeat
1025 2075 1216 2142 descendero
1230 2096 1384 2159 passuum
1402 2105 1491 2145 xrun

127 2173 158 2228 et
182 2165 225 2229 ire
248 2186 267 2228 s
291 2164 426 2230 latomo
448 2165 488 2228 od
503 2163 675 2229 Ponentem
700 2176 784 2229 reete
804 2164 884 2228 lineo
918 2162 958 2227 Et
982 2164 1026 2227 iiii
1050 2184 1159 2246 pessus
1181 2188 1269 2227 xvrru
1291 2178 1324 2229 et
1347 2167 1391 2230 sb
1415 2168 1491 2234 inde

127 2271 221 2334 supro
245 2255 284 2317 sit
309 2253 496 2317 eommunis.

164 2443 172 2507 Ι
215 2357 384 2441 liopertum
409 2357 477 2431 fuit,
508 2357 592 2438 quod
622 2357 706 2420 diets
730 2357 831 2437 Anius
862 2356 1085 2440 perintmrerst
1112 2364 1272 2422 terrenum
1305 2361 1492 2427 eommunis

127 2463 184 2508 so.
208 2469 228 2508 r.

216 2619 438 2684 Possessio
462 2618 705 2683 Cranislsri
731 2619 923 2682 Petrorii.

215 2708 412 2772 Summntum
438 2707 494 2771 fnit
519 2727 572 2789 per
603 2726 711 2770 omnes
735 2732 752 2768 x
777 2707 904 2779 iudices,
938 2707 1021 2788 quod
1051 2705 1204 2788 possessio
1228 2705 1404 2772 Crsnislasi
1432 2711 1491 2776 Pe·

128 2794 212 2857 trarii
237 2795 348 2860 debeat
371 2815 403 2860 se
427 2815 569 2877 seperare
592 2815 610 2856 o
634 2795 765 2858 masseria
790 2795 941 2875 superiori
964 2795 1105 2876 sospite
1128 2793 1274 2857 Levantis
1299 2806 1330 2859 et
1355 2798 1491 2865 deseen-

127 2883 199 2946 dere
224 2902 277 2965 per
302 2901 408 2965 passus
432 2908 474 2945 xv
497 2896 527 2946 et
552 2883 595 2946 ire
618 2881 728 2946 debeat
753 2901 859 2945 versus
883 2881 1055 2945 Ponentem
1079 2894 1162 2945 reeta
1185 2880 1267 2944 linea
1292 2901 1395 2967 nsque
1420 2887 1491 2951 sdr

128 2969 274 3052 lapidem.
298 2972 350 3052 qui
373 2984 419 3033 est
443 2990 562 3052 superi
587 2970 699 3051 pirum.
726 2969 757 3031 in
780 2988 842 3050 quo
866 2967 968 3050 lepide
991 2984 1036 3032 est
1053 2968 1230 3051 seuipitei.
1256 2966 1295 3032 Et
1321 2978 1428 3036 totum
1449 2975 1494 3042 id.

128 3059 210 3139 qum
234 3072 281 3120 est
305 3056 418 3121 abinde
443 3077 544 3139 supra.
577 3058 617 3119 sit
640 3058 825 3120 eommunis.
858 3056 1006 3120 Presente
1032 3056 1113 3120 Mete
1138 3055 1251 3119 Marini
1276 3056 1316 3122 de
1340 3057 1495 3144 Reguins

128 3146 277 3209 aciuoeeto
302 3145 393 3208 Brate
419 3164 494 3206 uuor
517 3146 648 3206 condem
673 3144 748 3207 dieti
773 3143 954 3207 Cranislari.

217 3249 384 3332 Repertum
409 3249 466 3312 suit
491 3249 679 3331 pastinatum
705 3268 771 3313 esse
797 3250 828 3311 in
853 3260 975 3312 terreno
998 3249 1174 3312 eommunis
1197 3248 1252 3312 sol.
1278 3273 1298 3312 t.

215 3441 435 3507 Possessio
461 3441 631 3505 Perveni
656 3439 927 3504 iistoserieh.

216 3531 411 3593 Somniatnm
447 3529 503 3592 suit
534 3549 587 3611 per
619 3548 736 3593 omnes.
770 3529 852 3610 quod
884 3528 1038 3610 possessio
1072 3527 1200 3592 Perveni
1232 3526 1430 3595 statosevich
1462 3546 1494 3598 et

130 3616 234 3681 Meroe
260 3614 450 3680 ,ilotoserieh
482 3616 592 3680 debeat
616 3636 648 3679 se
672 3635 815 3697 seperare
839 3637 855 3677 u
882 3615 1012 3679 maserie
1036 3615 1205 3698 superioris
1227 3614 1349 3689 eosoiis,
1375 3628 1409 3682 et
1435 3621 1495 3687 de-

128 3706 277 3770 scendere
302 3723 399 3786 usque
430 3704 468 3766 ed
493 3704 610 3786 iopides
642 3704 674 3766 in
703 3704 816 3785 quibus
847 3710 920 3766 sunt
943 3702 1075 3786 seuipite
1098 3704 1125 3765 ὲ.
1162 3702 1201 3767 Et
1233 3702 1344 3767 debeat
1379 3709 1495 3775 venire

129 3812 235 3857 sersus
258 3793 428 3856 i'unentem
461 3811 553 3874 supra
587 3790 753 3854 amidoinnt
779 3815 788 3853 1
814 3810 969 3875 magnam.
1001 3792 1170 3855 seeundum
1205 3790 1287 3872 qnod
1313 3791 1436 3858 vadunt
1460 3798 1492 3862 i.

132 3879 168 3943 tlt
192 3887 290 3944 totum
316 3879 403 3949 illud,
427 3880 508 3961 «prod
533 3888 579 3943 est
603 3900 620 3940 u
643 3880 662 3939 ὲ
686 3899 789 3961 supro,
813 3880 851 3940 sit
876 3879 1061 3941 eommunis.

217 3987 382 4069 Repertum
408 3985 465 4048 suit
490 3986 573 4069 ipsos
596 3986 784 4068 perintresse
801 4000 958 4049 terrenum
982 3985 1157 4047 eommunis
1181 3985 1219 4048 de
1237 3982 1364 4047 i'itibus
1388 3988 1493 4069 posti·

130 4075 211 4138 natis
237 4093 345 4157 passus
370 4098 432 4137 me.

217 4264 440 4330 Possessio
465 4265 587 4329 Brate
610 4267 656 4328 de
681 4263 899 4347 Sipnneha.

216 4357 411 4419 summatum
437 4354 493 4416 suit
519 4374 573 4436 per
589 4371 706 4431 omnes
731 4353 812 4434 quod
839 4351 991 4434 possessio
1009 4351 1100 4415 Brate
1124 4352 1163 4416 de
1186 4349 1352 4434 Sipnneho‚
1379 4371 1414 4416 se
1431 4354 1489 4420 de·

130 4439 198 4506 beat
222 4443 388 4508 extendere
412 4461 517 4506 versus
542 4448 679 4505 montem
714 4440 872 4523 usquead
902 4438 1036 4522 lapidem
1062 4439 1093 4501 in
1118 4459 1178 4522 quo
1202 4447 1248 4503 est
1273 4438 1353 4502 sueta
1377 4441 1407 4515 i:
1444 4442 1485 4508 Et

128 4529 167 4592 ob
191 4530 261 4594 inde
285 4549 378 4613 supra
403 4549 508 4594 versus
533 4537 670 4594 montem
694 4534 794 4591 totum
819 4528 858 4590 sit
883 4527 1069 4592 eommunis.

216 4634 320 4700 n'ienit
345 4650 392 4701 ese
415 4635 447 4698 in
471 4634 523 4698 illo
548 4646 669 4699 terreno
694 4633 894 4716 pastinatum.
919 4631 979 4696 nisi
1005 4656 1024 4693 11
1049 4633 1135 4697 fieus,
