3224 5108
129 248 188 310 104
429 304 437 313 .
724 250 759 311 A.
780 251 871 308 1361.

126 458 204 521 quas
228 436 320 502 solvit
344 457 484 503 comune.
508 437 550 503 nt
572 438 616 503 illi
640 439 694 521 qui
717 459 780 503 non
803 438 922 503 solvent
946 439 984 502 ad
1009 438 1177 502 torminum
1197 438 1255 520 qni
1278 437 1403 501 dubitur
1419 456 1474 519 per

126 545 254 608 parvum
278 524 452 604 consilium,
478 526 589 590 cadant
612 526 650 591 de
674 526 777 608 duplo.
802 523 843 591 nt
867 525 965 608 possit
987 525 1086 608 accipi
1110 526 1209 590 eciam
1233 526 1271 590 de
1294 524 1386 590 rebus
1410 524 1475 588 suis

128 612 159 676 in
183 611 328 697 negocio,
362 613 394 676 in
426 614 567 678 districtu
600 614 686 679 etin
709 614 825 698 Stagno
849 620 879 679 et
910 614 941 676 in
965 612 1068 677 Pnnta
1091 617 1136 676 tot
1168 618 1243 695 quot
1265 611 1379 677 valeat.
1398 611 1474 675 illud

130 701 213 782 qnod
238 700 364 765 debebit
388 700 504 766 soluere
528 706 559 767 et
582 701 620 767 de
642 721 730 784 pena.
761 698 854 780 Oopt.
878 720 933 784 per
955 723 1096 768 uxxvnu.

219 787 323 851 Prima
347 793 489 870 pareest
519 790 557 853 de
588 788 768 872 accipiendo
800 788 837 853 de
861 787 995 852 denariis
1027 788 1128 852 duane
1159 788 1221 851 vlni
1246 789 1285 851 ad
1317 786 1476 851 faciendos

129 874 211 939 l'aros
235 881 265 939 et
289 876 460 959 aptandum
483 880 634 940 catenam.
662 874 801 956 Captum
818 895 880 954 per
903 894 1015 939 orliaco.

213 962 319 1026 Prima
342 982 414 1046 pars
444 969 490 1028 θεῖ
522 964 604 1045 quod
637 963 825 1045 quicumque
857 961 1054 1028 subtraheret
1085 964 1123 1026 de
1154 964 1246 1027 rebus
1278 961 1475 1026 inimieorum

125 1052 303 1114 nostrorum
327 1069 383 1133 pro
407 1050 471 1114 suis
494 1050 584 1114 cadat
608 1052 646 1115 ad
670 1070 783 1134 penam
806 1049 1040 1135 ipperperoruur
1060 1075 1093 1114 u.
1117 1048 1158 1113 Et
1175 1049 1362 1132 quicumque
1386 1067 1475 1112 accu-

127 1135 208 1199 sabit
232 1135 366 1220 aliquem
401 1136 675 1202 contrafacientem
707 1137 821 1202 lrabeat
844 1138 1043 1203 medietatem
1076 1137 1158 1202 dicte
1182 1157 1269 1220 pene,
1303 1136 1328 1199 si
1362 1135 1475 1199 veritas

126 1224 239 1305 poterit
263 1224 400 1307 reperiri.
425 1223 466 1288 nt
489 1224 644 1290 tenebitur
669 1225 706 1291 de
730 1225 896 1290 credentia.
925 1223 1018 1305 Oapt.
1037 1245 1100 1305 per
1123 1244 1236 1288 cornea.

103 1326 109 1335 ’
212 1310 318 1374 Prima
342 1332 413 1394 pars
437 1315 482 1376 θεῖ
507 1312 545 1378 de
567 1313 670 1376 dando
694 1313 854 1377 arbitrium
880 1313 1004 1376 domino
1028 1312 1140 1377 rectori
1164 1317 1194 1375 et
1218 1331 1311 1394 parvo
1335 1309 1473 1385 consilio,

125 1398 223 1480 possit
247 1398 385 1481 accipere
409 1399 506 1463 det
471 1399 588 1484 Stagno
612 1404 643 1465 et
631 1401 704 1465 tde
727 1400 828 1465 Punta
853 1421 870 1463 a
894 1400 1032 1484 personis
1057 1424 1098 1463 xx
1122 1398 1252 1464 inferius
1275 1399 1314 1463 de
1338 1396 1472 1478 illisqui

127 1485 276 1551 videbunt
279 1505 315 1549 ur
338 1486 383 1550 eis
407 1487 444 1550 ad
469 1487 679 1570 ponendum
671 1506 703 1551 m
726 1486 823 1572 galea.
853 1485 945 1566 capt.
971 1506 1025 1569 per
1048 1511 1162 1551 cxxxv.

126 1616 302 1769 Βζέὲῗὲῃὲἓ
322 1615 488 1770 gfirffice
510 1595 618 1741 'facti
641 1662 766 1728 suerunt
755 1669 883 1746 tsupra
906 1663 1001 1728 salem
1031 1664 1168 1727 dandum
1193 1661 1372 1726 hominibus
1397 1658 1474 1722 Buni

125 1791 198 1855 vita
221 1793 259 1857 ue
282 1791 378 1856 Resti.
507 1744 523 1901 J
935 1750 1075 1816 Bossine.

126 1948 235 2013 Andre
260 1950 297 2014 de
321 1949 451 2031 Bincola

126 2034 267 2099 Marinus
291 2037 329 2101 de
352 2037 526 2103 Bueiffnolo
595 1993 668 2058 facti
691 1994 816 2058 fuerunt
847 1995 885 2058 ad
909 1993 1086 2059 faciendum
1110 1993 1245 2057 avariam
1277 2012 1377 2056 rerum
1408 2012 1477 2075 pro·

126 2122 206 2187 Niga
229 2124 267 2188 de
291 2123 379 2188 Stilpo
432 2090 451 2122 ⁰
552 2085 563 2233 Λ
668 2081 818 2146 iectarum
841 2081 880 2147 de
902 2081 1018 2146 barcho
1040 2081 1174 2146 uenienti
1199 2081 1237 2146 de
1260 2079 1400 2144 Olchino.

212 2323 338 2389 Dravo
361 2346 500 2389 cuonem.
525 2323 563 2388 In
586 2326 768 2389 consilio
793 2325 950 2389 maiori.
978 2362 1017 2370 —
1041 2323 1155 2387 ballote
1178 2348 1264 2388 xxxi.

214 2409 320 2474 Prima
343 2431 415 2493 pars
438 2415 519 2476 θεῖ(
509 2413 547 2477 de
570 2413 627 2476 mit
616 2413 723 2478 ttendo
748 2412 945 2496 precipiendo
970 2418 1040 2476 nost
1042 2411 1084 2476 rie
1105 2411 1328 2476 mercatoribus
1352 2430 1477 2474 corruer-

128 2497 301 2562 euntibus
293 2518 326 2562 m
350 2498 462 2563 Sancto
479 2499 612 2582 Dymit'
589 2520 644 2578 no,
665 2501 746 2585 quod
765 2500 825 2564 ullo
842 2501 933 2564 modo
950 2500 1084 2564 debeant
1072 2505 1133 2563 ῖεθ
1149 2499 1250 2563 facero
1274 2497 1355 2563 eiras
1372 2497 1477 2561 Satircti

129 2584 287 2668 Dymitrii
316 2584 400 2665 capt
401 2607 454 2648 utu
479 2606 532 2669 per
554 2612 653 2651 rxun.

215 2672 321 2737 Prima
346 2693 415 2755 pare
439 2675 593 2756 estquod
618 2675 747 2774 quilibet
764 2680 915 2739 mercator
939 2693 1125 2738 conversans
1150 2674 1182 2736 in
1204 2673 1298 2737 Senot
1286 2679 1316 2737 to
1334 2673 1476 2755 Dyrnitm

128 2759 227 2844 possit
250 2780 282 2825 se
306 2759 406 2826 faeere
431 2761 528 2825 civem
554 2762 583 2825 S.
609 2762 742 2846 Dp'mit
719 2763 756 2826 rii
782 2768 872 2846 prout
895 2762 955 2825 sibi
979 2761 1088 2845 placet.
1114 2759 1293 2834 (Cossum.)

216 2848 320 2911 Prima
343 2867 414 2931 pars
431 2855 478 2912 est
494 2850 532 2913 de
549 2848 702 2914 mittendo
719 2850 917 2933 precipiendo
941 2849 1057 2913 nostris
1076 2849 1298 2912 mercatoribus
1323 2847 1480 2911 nobilibus

128 2939 159 2999 et
183 2933 251 2998 aliis
268 2934 412 3000 veneciis
437 2937 710 3015 commorantibus,
736 2938 819 3019 quod
844 2935 963 3019 placeat
987 2937 1031 3001 eis
1047 2936 1204 3000 dimittere
1228 2935 1350 3019 neugio
1374 2940 1480 2998 nostra

128 3021 306 3087 intromissa
323 3043 377 3106 per
393 3023 486 3105 ipsos,
512 3023 552 3088 nt
568 3024 593 3087 εἰ
618 3044 681 3088 non
705 3024 883 3108 permittere
901 3022 1025 3101 vellent,
1050 3023 1132 3105 quod
1156 3022 1289 3087 debeant
1310 3028 1479 3105 protestare

127 3129 183 3192 pro
207 3115 293 3192 parte
318 3116 525 3175 mercatorum
549 3112 713 3194 (cassum).

218 3197 360 3261 Secunda
385 3217 455 3280 para
479 3200 586 3263 cattle
610 3198 780 3265 diberendo
804 3200 904 3264 donec
927 3198 1028 3264 veniet
1052 3198 1163 3281 Puppe
1187 3197 1344 3278 Ucolpirlr.
1386 3195 1480 3276 t'opt.

128 3304 183 3368 per
205 3308 324 3348 nxxrrn.

215 3371 320 3436 Prima
344 3391 414 3454 para
431 3376 478 3435 ost
501 3373 539 3437 de
555 3371 726 3437 differendo
750 3392 848 3456 usque
872 3374 910 3437 ad
927 3373 1009 3437 diem
1035 3372 1106 3437 lune
1122 3373 1261 3456 proximo
1285 3392 1377 3454 anper
1400 3371 1481 3435 sacto

128 3457 222 3543 llilqe
245 3460 284 3523 de
308 3458 408 3523 Lebro
432 3465 462 3524 et
486 3460 642 3524 interdum
668 3460 898 3525 examinacione
923 3464 1053 3525 tenetur.
1082 3458 1175 3538 Copt.
1201 3480 1230 3543 p.
1255 3484 1351 3523 axuu,

217 3651 279 3714 Dur
302 3674 359 3714 vrn
382 3673 511 3717 anonam
535 3650 649 3715 ballote
671 3675 793 3716 nxxnu.

216 3738 321 3802 Prima
344 3759 415 3822 pars
439 3745 486 3803 est
510 3740 547 3804 de
571 3741 674 3804 dando
698 3739 861 3803 arbitrium
885 3739 1010 3803 domino
1035 3739 1147 3803 rectori
1171 3744 1201 3801 et
1226 3758 1318 3820 parvo
1340 3737 1480 3801 crinsilio.

129 3826 168 3889 da
192 3825 345 3890 mittendo
369 3852 380 3890 1
404 3825 562 3891 hominem
595 3828 632 3891 de
657 3827 768 3911 populo
793 3846 864 3892 eum
888 3853 899 3890 1
923 3826 1038 3891 barche
1055 3831 1173 3890 armata
1196 3833 1249 3889 aut
1272 3845 1327 3909 por
1351 3824 1479 3889 litterae.

129 3913 167 3976 od
192 3914 363 3995 aptandum
387 3913 533 3997 Stepcurn
558 3913 703 4000 Qicurich
727 3935 798 3979 cum
823 3915 908 3979 Bano
932 3914 1115 3992 Dalmatiae,
1145 3918 1236 3996 prout
1259 3914 1304 3977 eis
1329 3912 1481 3977 videbitur

130 4007 161 4065 et
186 3999 336 4083 placuerit
361 4001 482 4065 melius.
511 3999 603 4082 Cupt.
623 4022 684 4082 per
707 4000 779 4066 boll.
804 4026 913 4066 uxxrn.

216 4087 321 4151 Prima
344 4108 415 4171 pars
446 4094 493 4153 ost
516 4089 554 4153 de
587 4089 804 4173 respondendo
827 4089 905 4172 Qure
936 4089 974 4152 de
998 4087 1098 4165 Balsa,
1131 4088 1213 4171 quod
1239 4107 1342 4152 amore
1375 4087 1481 4168 ipsius,

129 4195 238 4239 sumus
262 4177 399 4241 contenti
423 4176 497 4242 dare
524 4175 618 4241 fidem
642 4174 810 4241 Bochdano
834 4175 998 4252 tlhirisina
1024 4177 1107 4259 quod
1131 4175 1229 4258 possit
1254 4175 1359 4239 uenire
1379 4175 1482 4255 Bago-

129 4262 209 4325 sinm
234 4268 264 4325 et
287 4262 406 4327 solvere
431 4263 479 4327 cui
496 4268 627 4328 tenetur.
653 4264 713 4328 Sed
730 4282 791 4327 non
817 4261 969 4341 volumuS,
996 4264 1079 4345 (quod
1103 4263 1169 4346 ipse
1186 4262 1283 4345 possit
1307 4282 1408 4328 emero
1427 4281 1481 4343 pro

129 4369 161 4413 se
185 4349 312 4448 aliquid.
345 4349 386 4415 llt
418 4350 443 4414 εἰ
468 4357 500 4414 tu
524 4350 617 4428 voles
651 4351 733 4433 quod
757 4350 823 4434 ipse
847 4356 929 4416 emat
961 4350 1078 4433 aliquid
1111 4351 1316 4415 necessarium
1352 4371 1405 4432 pro
1430 4356 1482 4411 tuo

130 4437 224 4502 curio.
250 4457 356 4501 sununs
379 4437 465 4515 certi,
500 4440 583 4521 qnod
609 4403 780 4523 itagusiurn
804 4439 861 4504 erit
886 4444 1066 4503 contentum
1099 4439 1137 4503 dc
1161 4437 1346 4503 dimittendo
1379 4457 1441 4501 erm
1440 4456 1481 4500 rc

130 4528 230 4587 auom
254 4523 340 4593 illud
366 4526 450 4607 quod
474 4525 628 4591 videbitur
652 4525 679 4590 oi
701 4525 767 4589 sore
790 4526 1000 4591 necessarium
1017 4547 1071 4610 pro
1088 4525 1173 4590 curia
1198 4532 1257 4590 tua
1284 4523 1324 4590 llt
1313 4527 1481 4591 taenienlo

132 4608 299 4676 Boclrrlanu
332 4548 489 4677 illuirisina
512 4612 685 4698 Ragnsium
709 4611 808 4678 nichil
831 4613 922 4678 dimit
911 4616 1007 4679 ttatur
1030 4618 1081 4678 ext
1069 4613 1190 4680 trahere
1221 4633 1276 4697 pro
1300 4614 1366 4696 ipso
1390 4618 1480 4701 (jura,
1568 4686 1572 4693 ¹

130 4696 191 4762 niei
214 4698 292 4765 illud
316 4701 399 4785 quod
424 4699 580 4766 videbitur
602 4700 676 4767 huie
699 4700 829 4768 coneilio
854 4699 973 4767 maiori
1000 4698 1093 4782 Copt.
1117 4721 1173 4785 per
1194 4724 1269 4767 axv
