<?xml version="1.0" encoding="UTF-8"?>
<!DOCTYPE html PUBLIC "-//W3C//DTD XHTML 1.0 Transitional//EN"
    "http://www.w3.org/TR/xhtml1/DTD/xhtml1-transitional.dtd">
<html xmlns="http://www.w3.org/1999/xhtml" xml:lang="en" lang="en">
 <head>
  <title>
</title>
<meta http-equiv="Content-Type" content="text/html;charset=utf-8" />
  <meta name='ocr-system' content='tesseract 3.04.00' />
  <meta name='ocr-capabilities' content='ocr_page ocr_carea ocr_par ocr_line ocrx_word'/>
</head>
<body>
  <div class='ocr_page' id='page_1' title='image "./monumentaspecta09unkngoog/monumentaspecta09unkngoog_0317.png"; bbox 0 0 3224 5108; ppageno 0'>
   <div class='ocr_carea' id='block_1_1' title="bbox 146 271 906 341">
    <p class='ocr_par' dir='ltr' id='par_1_1' title="bbox 146 271 906 341">
     <span class='ocr_line' id='line_1_1' title="bbox 146 271 906 341; baseline 0.001 -2"><span class='ocrx_word' id='word_1_1' title='bbox 146 271 212 339; x_wconf 58' lang='lat' dir='ltr'>m</span> <span class='ocrx_word' id='word_1_2' title='bbox 748 276 788 341; x_wconf 73' lang='grc' dir='ltr'>Δ.</span> <span class='ocrx_word' id='word_1_3' title='bbox 811 279 906 340; x_wconf 58' lang='lat' dir='ltr'>lm.</span> 
     </span>
    </p>
   </div>
   <div class='ocr_carea' id='block_1_2' title="bbox 234 463 1131 1814">
    <p class='ocr_par' dir='ltr' id='par_1_2' title="bbox 234 463 1131 1814">
     <span class='ocr_line' id='line_1_2' title="bbox 238 463 955 552; baseline 0.006 -24"><span class='ocrx_word' id='word_1_4' title='bbox 238 463 459 530; x_wconf 73' lang='lat' dir='ltr'>Possessio</span> <span class='ocrx_word' id='word_1_5' title='bbox 481 464 622 531; x_wconf 71' lang='lat' dir='ltr'>larse</span> <span class='ocrx_word' id='word_1_6' title='bbox 645 465 955 552; x_wconf 71' lang='lat' dir='ltr'>lseossssieh,</span> 
     </span>
     <span class='ocr_line' id='line_1_3' title="bbox 235 604 990 692; baseline -0.005 -15"><span class='ocrx_word' id='word_1_7' title='bbox 235 608 458 677; x_wconf 71' lang='lat' dir='ltr'>Possessio</span> <span class='ocrx_word' id='word_1_8' title='bbox 481 606 657 672; x_wconf 77' lang='lat' dir='ltr'>Perveni</span> <span class='ocrx_word' id='word_1_9' title='bbox 680 604 990 692; x_wconf 57' lang='lat' dir='ltr'>lacossksieh,</span> 
     </span>
     <span class='ocr_line' id='line_1_4' title="bbox 234 747 1131 834; baseline -0.004 -17"><span class='ocrx_word' id='word_1_10' title='bbox 234 749 459 817; x_wconf 73' lang='lat' dir='ltr'>Possessio</span> <span class='ocrx_word' id='word_1_11' title='bbox 482 747 614 828; x_wconf 66' lang='lat' dir='ltr'>Aniee</span> <span class='ocrx_word' id='word_1_12' title='bbox 637 747 737 813; x_wconf 72' lang='lat' dir='ltr'>titis</span> <span class='ocrx_word' id='word_1_13' title='bbox 759 747 952 813; x_wconf 85' lang='lat' dir='ltr'>lssniehi</span> <span class='ocrx_word' id='word_1_14' title='bbox 974 750 1021 814; x_wconf 89' lang='lat' dir='ltr'>de</span> <span class='ocrx_word' id='word_1_15' title='bbox 1043 749 1131 834; x_wconf 63' lang='lat' dir='ltr'>Coa¹</span> 
     </span>
     <span class='ocr_line' id='line_1_5' title="bbox 235 889 946 965; baseline -0.004 -7"><span class='ocrx_word' id='word_1_16' title='bbox 235 891 455 959; x_wconf 78' lang='lat' dir='ltr'>Possessio</span> <span class='ocrx_word' id='word_1_17' title='bbox 477 889 722 955; x_wconf 78' lang='lat' dir='ltr'>Granislssi</span> <span class='ocrx_word' id='word_1_18' title='bbox 747 890 946 965; x_wconf 78' lang='lat' dir='ltr'>Petxsrii,</span> 
     </span>
     <span class='ocr_line' id='line_1_6' title="bbox 235 1031 909 1109; baseline -0.006 -9"><span class='ocrx_word' id='word_1_19' title='bbox 235 1032 456 1100; x_wconf 75' lang='lat' dir='ltr'>Possessio</span> <span class='ocrx_word' id='word_1_20' title='bbox 486 1031 662 1097; x_wconf 78' lang='lat' dir='ltr'>Perveni</span> <span class='ocrx_word' id='word_1_21' title='bbox 685 1032 734 1097; x_wconf 89' lang='lat' dir='ltr'>de</span> <span class='ocrx_word' id='word_1_22' title='bbox 757 1031 909 1109; x_wconf 72' lang='lat' dir='ltr'>lacos,</span> 
     </span>
     <span class='ocr_line' id='line_1_7' title="bbox 236 1173 917 1257; baseline -0.001 -17"><span class='ocrx_word' id='word_1_23' title='bbox 236 1173 455 1240; x_wconf 85' lang='lat' dir='ltr'>Possessio</span> <span class='ocrx_word' id='word_1_24' title='bbox 479 1173 602 1238; x_wconf 86' lang='lat' dir='ltr'>Brate</span> <span class='ocrx_word' id='word_1_25' title='bbox 624 1173 671 1238; x_wconf 85' lang='lat' dir='ltr'>de</span> <span class='ocrx_word' id='word_1_26' title='bbox 692 1173 917 1257; x_wconf 77' lang='lat' dir='ltr'>Sipsneha,</span> 
     </span>
     <span class='ocr_line' id='line_1_8' title="bbox 237 1312 953 1391; baseline -0.001 -11"><span class='ocrx_word' id='word_1_27' title='bbox 237 1314 455 1380; x_wconf 87' lang='lat' dir='ltr'>Possessio</span> <span class='ocrx_word' id='word_1_28' title='bbox 477 1312 718 1379; x_wconf 82' lang='lat' dir='ltr'>Granislasi</span> <span class='ocrx_word' id='word_1_29' title='bbox 749 1314 953 1391; x_wconf 82' lang='lat' dir='ltr'>Petrsrii,</span> 
     </span>
     <span class='ocr_line' id='line_1_9' title="bbox 237 1454 982 1534; baseline 0 -14"><span class='ocrx_word' id='word_1_30' title='bbox 237 1455 459 1521; x_wconf 88' lang='lat' dir='ltr'>Possessio</span> <span class='ocrx_word' id='word_1_31' title='bbox 491 1454 645 1520; x_wconf 83' lang='lat' dir='ltr'>Bsdeni</span> <span class='ocrx_word' id='word_1_32' title='bbox 679 1454 982 1534; x_wconf 74' lang='lat' dir='ltr'>Matoseosieh,</span> 
     </span>
     <span class='ocr_line' id='line_1_10' title="bbox 238 1594 965 1673; baseline 0.001 -12"><span class='ocrx_word' id='word_1_33' title='bbox 238 1595 462 1661; x_wconf 85' lang='lat' dir='ltr'>Possessio</span> <span class='ocrx_word' id='word_1_34' title='bbox 493 1594 632 1660; x_wconf 78' lang='lat' dir='ltr'>disses</span> <span class='ocrx_word' id='word_1_35' title='bbox 662 1594 965 1673; x_wconf 76' lang='lat' dir='ltr'>Matoscesieh,</span> 
     </span>
     <span class='ocr_line' id='line_1_11' title="bbox 238 1735 927 1814; baseline 0.003 -14"><span class='ocrx_word' id='word_1_36' title='bbox 238 1735 461 1801; x_wconf 86' lang='lat' dir='ltr'>Possessio</span> <span class='ocrx_word' id='word_1_37' title='bbox 493 1735 592 1801; x_wconf 86' lang='lat' dir='ltr'>Juxe</span> <span class='ocrx_word' id='word_1_38' title='bbox 624 1735 927 1814; x_wconf 77' lang='lat' dir='ltr'>Matoseesieh,</span> 
     </span>
    </p>
   </div>
   <div class='ocr_carea' id='block_1_3' title="bbox 151 1876 1514 3358">
    <p class='ocr_par' dir='ltr' id='par_1_3' title="bbox 239 1876 926 1943">
     <span class='ocr_line' id='line_1_12' title="bbox 239 1876 926 1943; baseline 0.001 -2"><span class='ocrx_word' id='word_1_39' title='bbox 239 1876 466 1941; x_wconf 86' lang='lat' dir='ltr'>Possessio</span> <span class='ocrx_word' id='word_1_40' title='bbox 490 1876 672 1943; x_wconf 83' lang='lat' dir='ltr'>Radoste</span> <span class='ocrx_word' id='word_1_41' title='bbox 695 1876 926 1943; x_wconf 74' lang='lat' dir='ltr'>Bratuliels</span> 
     </span>
    </p>

    <p class='ocr_par' dir='ltr' id='par_1_4' title="bbox 151 1963 1513 2133">
     <span class='ocr_line' id='line_1_13' title="bbox 238 1963 1513 2048; baseline 0 -19"><span class='ocrx_word' id='word_1_42' title='bbox 238 1964 294 2029; x_wconf 80' lang='lat' dir='ltr'>Ser</span> <span class='ocrx_word' id='word_1_43' title='bbox 319 1963 388 2028; x_wconf 82' lang='lat' dir='ltr'>Vita</span> <span class='ocrx_word' id='word_1_44' title='bbox 416 1964 455 2029; x_wconf 88' lang='lat' dir='ltr'>de</span> <span class='ocrx_word' id='word_1_45' title='bbox 477 1966 576 2048; x_wconf 72' lang='lat' dir='ltr'>tiorgo</span> <span class='ocrx_word' id='word_1_46' title='bbox 598 1966 687 2041; x_wconf 83' lang='lat' dir='ltr'>dixit,</span> <span class='ocrx_word' id='word_1_47' title='bbox 719 1966 803 2048; x_wconf 87' lang='lat' dir='ltr'>quod</span> <span class='ocrx_word' id='word_1_48' title='bbox 834 1984 944 2030; x_wconf 86' lang='lat' dir='ltr'>omnes</span> <span class='ocrx_word' id='word_1_49' title='bbox 975 1964 1027 2029; x_wconf 86' lang='lat' dir='ltr'>isti</span> <span class='ocrx_word' id='word_1_50' title='bbox 1051 1970 1291 2048; x_wconf 83' lang='lat' dir='ltr'>oocupaserunt,</span> <span class='ocrx_word' id='word_1_51' title='bbox 1320 1964 1378 2029; x_wconf 88' lang='lat' dir='ltr'>sad</span> <span class='ocrx_word' id='word_1_52' title='bbox 1406 1965 1513 2030; x_wconf 73' lang='lat' dir='ltr'>nescit</span> 
     </span>
     <span class='ocr_line' id='line_1_14' title="bbox 151 2051 967 2133; baseline 0 -17"><span class='ocrx_word' id='word_1_53' title='bbox 151 2052 255 2118; x_wconf 72' lang='lat' dir='ltr'>dissere</span> <span class='ocrx_word' id='word_1_54' title='bbox 278 2062 430 2133; x_wconf 83' lang='lat' dir='ltr'><strong>quantum</strong></span> <span class='ocrx_word' id='word_1_55' title='bbox 455 2051 599 2118; x_wconf 65' lang='lat' dir='ltr'>videlicet</span> <span class='ocrx_word' id='word_1_56' title='bbox 621 2053 661 2118; x_wconf 86' lang='lat' dir='ltr'>de</span> <span class='ocrx_word' id='word_1_57' title='bbox 685 2052 751 2118; x_wconf 87' lang='lat' dir='ltr'>iure</span> <span class='ocrx_word' id='word_1_58' title='bbox 773 2052 967 2117; x_wconf 80' lang='lat' dir='ltr'>Seianorum.</span> 
     </span>
    </p>

    <p class='ocr_par' dir='ltr' id='par_1_5' title="bbox 152 2139 1513 2396">
     <span class='ocr_line' id='line_1_15' title="bbox 243 2139 1513 2222; baseline 0.004 -22"><span class='ocrx_word' id='word_1_59' title='bbox 243 2139 312 2202; x_wconf 88' lang='lat' dir='ltr'>Vita</span> <span class='ocrx_word' id='word_1_60' title='bbox 342 2139 380 2203; x_wconf 87' lang='lat' dir='ltr'>de</span> <span class='ocrx_word' id='word_1_61' title='bbox 412 2139 547 2204; x_wconf 72' lang='lat' dir='ltr'>Basante</span> <span class='ocrx_word' id='word_1_62' title='bbox 579 2141 672 2215; x_wconf 92' lang='lat' dir='ltr'>dixit,</span> <span class='ocrx_word' id='word_1_63' title='bbox 704 2141 787 2222; x_wconf 87' lang='lat' dir='ltr'>quod</span> <span class='ocrx_word' id='word_1_64' title='bbox 819 2141 870 2204; x_wconf 82' lang='lat' dir='ltr'>sia</span> <span class='ocrx_word' id='word_1_65' title='bbox 899 2140 1079 2204; x_wconf 85' lang='lat' dir='ltr'>Seiasorum</span> <span class='ocrx_word' id='word_1_66' title='bbox 1110 2148 1176 2203; x_wconf 85' lang='lat' dir='ltr'>erat</span> <span class='ocrx_word' id='word_1_67' title='bbox 1206 2158 1300 2222; x_wconf 85' lang='lat' dir='ltr'>supra</span> <span class='ocrx_word' id='word_1_68' title='bbox 1329 2158 1448 2222; x_wconf 79' lang='lat' dir='ltr'>squam</span> <span class='ocrx_word' id='word_1_69' title='bbox 1478 2148 1513 2205; x_wconf 82' lang='lat' dir='ltr'>et</span> 
     </span>
     <span class='ocr_line' id='line_1_16' title="bbox 152 2224 1513 2312; baseline 0.001 -22"><span class='ocrx_word' id='word_1_70' title='bbox 152 2227 263 2290; x_wconf 85' lang='lat' dir='ltr'>domus</span> <span class='ocrx_word' id='word_1_71' title='bbox 295 2224 418 2289; x_wconf 84' lang='lat' dir='ltr'>illorum</span> <span class='ocrx_word' id='word_1_72' title='bbox 444 2226 633 2291; x_wconf 68' lang='lat' dir='ltr'>tlasosesieh</span> <span class='ocrx_word' id='word_1_73' title='bbox 664 2238 753 2292; x_wconf 86' lang='lat' dir='ltr'>erant</span> <span class='ocrx_word' id='word_1_74' title='bbox 785 2227 844 2292; x_wconf 88' lang='lat' dir='ltr'>sub</span> <span class='ocrx_word' id='word_1_75' title='bbox 876 2228 927 2292; x_wconf 91' lang='lat' dir='ltr'>uia</span> <span class='ocrx_word' id='word_1_76' title='bbox 949 2227 1089 2312; x_wconf 83' lang='lat' dir='ltr'>predicta</span> <span class='ocrx_word' id='word_1_77' title='bbox 1118 2236 1150 2292; x_wconf 83' lang='lat' dir='ltr'>et</span> <span class='ocrx_word' id='word_1_78' title='bbox 1173 2245 1269 2310; x_wconf 82' lang='lat' dir='ltr'>supra</span> <span class='ocrx_word' id='word_1_79' title='bbox 1299 2226 1400 2310; x_wconf 82' lang='lat' dir='ltr'>ipsam</span> <span class='ocrx_word' id='word_1_80' title='bbox 1433 2234 1513 2292; x_wconf 81' lang='lat' dir='ltr'>sunt</span> 
     </span>
     <span class='ocr_line' id='line_1_17' title="bbox 154 2313 419 2396; baseline -0.004 -19"><span class='ocrx_word' id='word_1_81' title='bbox 154 2314 231 2380; x_wconf 80' lang='lat' dir='ltr'>vites</span> <span class='ocrx_word' id='word_1_82' title='bbox 255 2313 419 2396; x_wconf 83' lang='lat' dir='ltr'>pastinata.</span> 
     </span>
    </p>

    <p class='ocr_par' dir='ltr' id='par_1_6' title="bbox 152 2399 1514 2573">
     <span class='ocr_line' id='line_1_18' title="bbox 243 2399 1514 2484; baseline 0.005 -22"><span class='ocrx_word' id='word_1_83' title='bbox 243 2399 312 2463; x_wconf 83' lang='lat' dir='ltr'>Vita</span> <span class='ocrx_word' id='word_1_84' title='bbox 334 2401 373 2463; x_wconf 85' lang='lat' dir='ltr'>de</span> <span class='ocrx_word' id='word_1_85' title='bbox 397 2399 483 2464; x_wconf 82' lang='lat' dir='ltr'>Resti</span> <span class='ocrx_word' id='word_1_86' title='bbox 506 2401 594 2477; x_wconf 85' lang='lat' dir='ltr'>dixit,</span> <span class='ocrx_word' id='word_1_87' title='bbox 619 2404 702 2484; x_wconf 87' lang='lat' dir='ltr'>quod</span> <span class='ocrx_word' id='word_1_88' title='bbox 727 2403 774 2466; x_wconf 81' lang='lat' dir='ltr'>via</span> <span class='ocrx_word' id='word_1_89' title='bbox 789 2401 969 2468; x_wconf 81' lang='lat' dir='ltr'>Scissorum</span> <span class='ocrx_word' id='word_1_90' title='bbox 993 2402 1057 2466; x_wconf 85' lang='lat' dir='ltr'>ibat</span> <span class='ocrx_word' id='word_1_91' title='bbox 1081 2401 1134 2466; x_wconf 90' lang='lat' dir='ltr'>ubi</span> <span class='ocrx_word' id='word_1_92' title='bbox 1156 2401 1238 2467; x_wconf 74' lang='lat' dir='ltr'>faeta</span> <span class='ocrx_word' id='word_1_93' title='bbox 1261 2406 1337 2467; x_wconf 83' lang='lat' dir='ltr'>sunt</span> <span class='ocrx_word' id='word_1_94' title='bbox 1358 2400 1452 2468; x_wconf 81' lang='lat' dir='ltr'>vinos</span> <span class='ocrx_word' id='word_1_95' title='bbox 1478 2407 1514 2467; x_wconf 76' lang='lat' dir='ltr'>et</span> 
     </span>
     <span class='ocr_line' id='line_1_19' title="bbox 152 2486 931 2573; baseline 0.001 -20"><span class='ocrx_word' id='word_1_96' title='bbox 152 2508 246 2572; x_wconf 78' lang='lat' dir='ltr'>supra</span> <span class='ocrx_word' id='word_1_97' title='bbox 270 2486 350 2550; x_wconf 81' lang='lat' dir='ltr'>viam</span> <span class='ocrx_word' id='word_1_98' title='bbox 376 2486 546 2569; x_wconf 78' lang='lat' dir='ltr'><strong>plantatam</strong></span> <span class='ocrx_word' id='word_1_99' title='bbox 570 2495 643 2552; x_wconf 85' lang='lat' dir='ltr'>sunt</span> <span class='ocrx_word' id='word_1_100' title='bbox 666 2491 745 2555; x_wconf 82' lang='lat' dir='ltr'>sites</span> <span class='ocrx_word' id='word_1_101' title='bbox 768 2491 931 2573; x_wconf 85' lang='lat' dir='ltr'>pastinato.</span> 
     </span>
    </p>

    <p class='ocr_par' dir='ltr' id='par_1_7' title="bbox 154 2574 1512 2832">
     <span class='ocr_line' id='line_1_20' title="bbox 242 2574 1512 2660; baseline 0 -22"><span class='ocrx_word' id='word_1_102' title='bbox 242 2574 337 2638; x_wconf 79' lang='lat' dir='ltr'>Matia</span> <span class='ocrx_word' id='word_1_103' title='bbox 360 2574 398 2638; x_wconf 86' lang='lat' dir='ltr'>de</span> <span class='ocrx_word' id='word_1_104' title='bbox 424 2574 529 2654; x_wconf 68' lang='lat' dir='ltr'>ttibiiga</span> <span class='ocrx_word' id='word_1_105' title='bbox 552 2574 639 2652; x_wconf 80' lang='lat' dir='ltr'>dixit,</span> <span class='ocrx_word' id='word_1_106' title='bbox 664 2578 746 2660; x_wconf 82' lang='lat' dir='ltr'>quod</span> <span class='ocrx_word' id='word_1_107' title='bbox 781 2578 830 2640; x_wconf 80' lang='lat' dir='ltr'>sia</span> <span class='ocrx_word' id='word_1_108' title='bbox 853 2576 1033 2641; x_wconf 80' lang='lat' dir='ltr'>Selasorum</span> <span class='ocrx_word' id='word_1_109' title='bbox 1056 2589 1122 2641; x_wconf 85' lang='lat' dir='ltr'>erat</span> <span class='ocrx_word' id='word_1_110' title='bbox 1146 2575 1208 2660; x_wconf 75' lang='lat' dir='ltr'>itta,</span> <span class='ocrx_word' id='word_1_111' title='bbox 1240 2596 1295 2660; x_wconf 88' lang='lat' dir='ltr'>per</span> <span class='ocrx_word' id='word_1_112' title='bbox 1322 2594 1418 2658; x_wconf 87' lang='lat' dir='ltr'><strong>quam</strong></span> <span class='ocrx_word' id='word_1_113' title='bbox 1444 2575 1512 2640; x_wconf 79' lang='lat' dir='ltr'>Ma-</span> 
     </span>
     <span class='ocr_line' id='line_1_21' title="bbox 154 2662 1510 2748; baseline 0.002 -22"><span class='ocrx_word' id='word_1_114' title='bbox 154 2662 292 2728; x_wconf 82' lang='lat' dir='ltr'>tosevioh</span> <span class='ocrx_word' id='word_1_115' title='bbox 318 2682 401 2726; x_wconf 83' lang='lat' dir='ltr'>nuno</span> <span class='ocrx_word' id='word_1_116' title='bbox 427 2663 540 2726; x_wconf 76' lang='lat' dir='ltr'>vadunt</span> <span class='ocrx_word' id='word_1_117' title='bbox 563 2664 601 2726; x_wconf 91' lang='lat' dir='ltr'>ad</span> <span class='ocrx_word' id='word_1_118' title='bbox 627 2684 717 2728; x_wconf 85' lang='lat' dir='ltr'>suum</span> <span class='ocrx_word' id='word_1_119' title='bbox 741 2665 875 2739; x_wconf 75' lang='lat' dir='ltr'>chassie,</span> <span class='ocrx_word' id='word_1_120' title='bbox 899 2674 1022 2748; x_wconf 78' lang='lat' dir='ltr'>quaest</span> <span class='ocrx_word' id='word_1_121' title='bbox 1046 2676 1196 2747; x_wconf 76' lang='lat' dir='ltr'>occupata</span> <span class='ocrx_word' id='word_1_122' title='bbox 1218 2671 1249 2729; x_wconf 86' lang='lat' dir='ltr'>et</span> <span class='ocrx_word' id='word_1_123' title='bbox 1272 2663 1510 2746; x_wconf 78' lang='lat' dir='ltr'>supradictam</span> 
     </span>
     <span class='ocr_line' id='line_1_22' title="bbox 158 2750 625 2832; baseline 0.006 -21"><span class='ocrx_word' id='word_1_124' title='bbox 158 2751 238 2813; x_wconf 80' lang='lat' dir='ltr'>siais</span> <span class='ocrx_word' id='word_1_125' title='bbox 264 2758 336 2813; x_wconf 85' lang='lat' dir='ltr'>sunt</span> <span class='ocrx_word' id='word_1_126' title='bbox 360 2750 514 2832; x_wconf 71' lang='lat' dir='ltr'>pastinato</span> <span class='ocrx_word' id='word_1_127' title='bbox 538 2751 625 2815; x_wconf 75' lang='lat' dir='ltr'>sites,</span> 
     </span>
    </p>

    <p class='ocr_par' dir='ltr' id='par_1_8' title="bbox 155 2835 1512 2992">
     <span class='ocr_line' id='line_1_23' title="bbox 243 2835 1512 2920; baseline 0.002 -20"><span class='ocrx_word' id='word_1_128' title='bbox 243 2837 396 2920; x_wconf 78' lang='lat' dir='ltr'>i&#39;etxagna</span> <span class='ocrx_word' id='word_1_129' title='bbox 427 2837 530 2901; x_wconf 80' lang='lat' dir='ltr'>Savini</span> <span class='ocrx_word' id='word_1_130' title='bbox 563 2839 601 2902; x_wconf 81' lang='lat' dir='ltr'>de</span> <span class='ocrx_word' id='word_1_131' title='bbox 628 2840 732 2903; x_wconf 85' lang='lat' dir='ltr'>Bonda</span> <span class='ocrx_word' id='word_1_132' title='bbox 763 2841 842 2904; x_wconf 86' lang='lat' dir='ltr'>dixit</span> <span class='ocrx_word' id='word_1_133' title='bbox 874 2840 954 2904; x_wconf 86' lang='lat' dir='ltr'>siout</span> <span class='ocrx_word' id='word_1_134' title='bbox 983 2838 1054 2902; x_wconf 88' lang='lat' dir='ltr'>Vita</span> <span class='ocrx_word' id='word_1_135' title='bbox 1088 2840 1125 2902; x_wconf 86' lang='lat' dir='ltr'>de</span> <span class='ocrx_word' id='word_1_136' title='bbox 1150 2839 1293 2903; x_wconf 78' lang='lat' dir='ltr'>Basante.</span> <span class='ocrx_word' id='word_1_137' title='bbox 1329 2835 1441 2902; x_wconf 76' lang='lat' dir='ltr'>Nicola</span> <span class='ocrx_word' id='word_1_138' title='bbox 1472 2838 1512 2902; x_wconf 85' lang='lat' dir='ltr'>da</span> 
     </span>
     <span class='ocr_line' id='line_1_24' title="bbox 155 2924 787 2992; baseline 0.011 -9"><span class='ocrx_word' id='word_1_139' title='bbox 155 2926 257 2990; x_wconf 80' lang='lat' dir='ltr'>tirode</span> <span class='ocrx_word' id='word_1_140' title='bbox 280 2924 359 2987; x_wconf 82' lang='lat' dir='ltr'>dixit</span> <span class='ocrx_word' id='word_1_141' title='bbox 383 2925 463 2990; x_wconf 83' lang='lat' dir='ltr'>sieut</span> <span class='ocrx_word' id='word_1_142' title='bbox 489 2926 558 2988; x_wconf 87' lang='lat' dir='ltr'>Vita</span> <span class='ocrx_word' id='word_1_143' title='bbox 581 2927 619 2991; x_wconf 89' lang='lat' dir='ltr'>do</span> <span class='ocrx_word' id='word_1_144' title='bbox 644 2928 787 2992; x_wconf 74' lang='lat' dir='ltr'>Basante.</span> 
     </span>
    </p>

    <p class='ocr_par' dir='ltr' id='par_1_9' title="bbox 156 3010 1510 3165">
     <span class='ocr_line' id='line_1_25' title="bbox 246 3010 1510 3097; baseline -0.001 -21"><span class='ocrx_word' id='word_1_145' title='bbox 246 3012 354 3096; x_wconf 75' lang='lat' dir='ltr'>Margo</span> <span class='ocrx_word' id='word_1_146' title='bbox 378 3014 416 3077; x_wconf 84' lang='lat' dir='ltr'>de</span> <span class='ocrx_word' id='word_1_147' title='bbox 432 3013 595 3097; x_wconf 81' lang='lat' dir='ltr'>&#39;t&#39;repagna</span> <span class='ocrx_word' id='word_1_148' title='bbox 611 3015 687 3078; x_wconf 84' lang='lat' dir='ltr'>disit</span> <span class='ocrx_word' id='word_1_149' title='bbox 711 3016 792 3079; x_wconf 81' lang='lat' dir='ltr'>siout</span> <span class='ocrx_word' id='word_1_150' title='bbox 811 3014 881 3078; x_wconf 82' lang='lat' dir='ltr'>Vita</span> <span class='ocrx_word' id='word_1_151' title='bbox 904 3015 943 3078; x_wconf 90' lang='lat' dir='ltr'>de</span> <span class='ocrx_word' id='word_1_152' title='bbox 960 3014 1103 3078; x_wconf 73' lang='lat' dir='ltr'>Basante.</span> <span class='ocrx_word' id='word_1_153' title='bbox 1129 3013 1202 3077; x_wconf 86' lang='lat' dir='ltr'>Pale</span> <span class='ocrx_word' id='word_1_154' title='bbox 1226 3014 1264 3077; x_wconf 87' lang='lat' dir='ltr'>da</span> <span class='ocrx_word' id='word_1_155' title='bbox 1280 3010 1413 3077; x_wconf 80' lang='lat' dir='ltr'>Getaldo</span> <span class='ocrx_word' id='word_1_156' title='bbox 1429 3010 1510 3076; x_wconf 80' lang='lat' dir='ltr'>dixit</span> 
     </span>
     <span class='ocr_line' id='line_1_26' title="bbox 156 3100 564 3165; baseline -0.005 -1"><span class='ocrx_word' id='word_1_157' title='bbox 156 3102 236 3165; x_wconf 82' lang='lat' dir='ltr'>siout</span> <span class='ocrx_word' id='word_1_158' title='bbox 264 3100 333 3162; x_wconf 81' lang='lat' dir='ltr'>Vita</span> <span class='ocrx_word' id='word_1_159' title='bbox 357 3100 394 3163; x_wconf 82' lang='lat' dir='ltr'>de</span> <span class='ocrx_word' id='word_1_160' title='bbox 420 3100 564 3165; x_wconf 70' lang='lat' dir='ltr'>Basante.</span> 
     </span>
    </p>

    <p class='ocr_par' dir='ltr' id='par_1_10' title="bbox 156 3186 1510 3358">
     <span class='ocr_line' id='line_1_27' title="bbox 243 3186 1510 3272; baseline 0 -22"><span class='ocrx_word' id='word_1_161' title='bbox 243 3189 318 3251; x_wconf 78' lang='lat' dir='ltr'>Osse</span> <span class='ocrx_word' id='word_1_162' title='bbox 339 3188 377 3251; x_wconf 84' lang='lat' dir='ltr'>de</span> <span class='ocrx_word' id='word_1_163' title='bbox 394 3186 553 3272; x_wconf 53' lang='lat' dir='ltr'>castagna</span> <span class='ocrx_word' id='word_1_164' title='bbox 568 3188 656 3265; x_wconf 82' lang='lat' dir='ltr'>dixit,</span> <span class='ocrx_word' id='word_1_165' title='bbox 680 3190 762 3272; x_wconf 82' lang='lat' dir='ltr'>quod</span> <span class='ocrx_word' id='word_1_166' title='bbox 788 3189 833 3252; x_wconf 88' lang='lat' dir='ltr'>via</span> <span class='ocrx_word' id='word_1_167' title='bbox 850 3187 1028 3253; x_wconf 78' lang='lat' dir='ltr'>Soiasoruxn</span> <span class='ocrx_word' id='word_1_168' title='bbox 1054 3196 1118 3251; x_wconf 84' lang='lat' dir='ltr'>orat</span> <span class='ocrx_word' id='word_1_169' title='bbox 1144 3188 1234 3271; x_wconf 83' lang='lat' dir='ltr'>paulo</span> <span class='ocrx_word' id='word_1_170' title='bbox 1252 3186 1391 3263; x_wconf 71' lang='lat' dir='ltr'>inferius</span> <span class='ocrx_word' id='word_1_171' title='bbox 1415 3205 1510 3268; x_wconf 86' lang='lat' dir='ltr'><strong>quam</strong></span> 
     </span>
     <span class='ocr_line' id='line_1_28' title="bbox 156 3282 385 3358; baseline -0.009 -18"><span class='ocrx_word' id='word_1_172' title='bbox 156 3284 203 3340; x_wconf 87' lang='lat' dir='ltr'>est</span> <span class='ocrx_word' id='word_1_173' title='bbox 226 3282 385 3358; x_wconf 83' lang='lat' dir='ltr'>ooeupata.</span> 
     </span>
    </p>
   </div>
   <div class='ocr_carea' id='block_1_4' title="bbox 158 3464 1512 4600">
    <p class='ocr_par' dir='ltr' id='par_1_11' title="bbox 244 3464 1443 3550">
     <span class='ocr_line' id='line_1_29' title="bbox 244 3464 1443 3550; baseline 0.001 -20"><span class='ocrx_word' id='word_1_174' title='bbox 244 3467 461 3532; x_wconf 84' lang='lat' dir='ltr'>Possessio</span> <span class='ocrx_word' id='word_1_175' title='bbox 485 3469 599 3550; x_wconf 80' lang='lat' dir='ltr'>Syme</span> <span class='ocrx_word' id='word_1_176' title='bbox 623 3469 668 3533; x_wconf 86' lang='lat' dir='ltr'>do</span> <span class='ocrx_word' id='word_1_177' title='bbox 694 3468 853 3547; x_wconf 69' lang='lat' dir='ltr'>Bodaiga</span> <span class='ocrx_word' id='word_1_178' title='bbox 876 3467 1014 3550; x_wconf 89' lang='lat' dir='ltr'>posita</span> <span class='ocrx_word' id='word_1_179' title='bbox 1038 3467 1151 3530; x_wconf 86' lang='lat' dir='ltr'>iuxta</span> <span class='ocrx_word' id='word_1_180' title='bbox 1175 3464 1443 3531; x_wconf 81' lang='lat' dir='ltr'>Matosevioh.</span> 
     </span>
    </p>

    <p class='ocr_par' dir='ltr' id='par_1_12' title="bbox 158 3553 1512 3985">
     <span class='ocr_line' id='line_1_30' title="bbox 251 3553 1511 3638; baseline 0.001 -22"><span class='ocrx_word' id='word_1_181' title='bbox 251 3554 346 3616; x_wconf 83' lang='lat' dir='ltr'>Matio</span> <span class='ocrx_word' id='word_1_182' title='bbox 381 3555 418 3619; x_wconf 86' lang='lat' dir='ltr'>de</span> <span class='ocrx_word' id='word_1_183' title='bbox 452 3553 558 3634; x_wconf 67' lang='lat' dir='ltr'>[titiiiga</span> <span class='ocrx_word' id='word_1_184' title='bbox 588 3555 682 3629; x_wconf 83' lang='lat' dir='ltr'>dixit,</span> <span class='ocrx_word' id='word_1_185' title='bbox 714 3557 796 3638; x_wconf 84' lang='lat' dir='ltr'>quod</span> <span class='ocrx_word' id='word_1_186' title='bbox 827 3560 931 3638; x_wconf 87' lang='lat' dir='ltr'>partas</span> <span class='ocrx_word' id='word_1_187' title='bbox 962 3553 1166 3637; x_wconf 83' lang='lat' dir='ltr'>possessionis</span> <span class='ocrx_word' id='word_1_188' title='bbox 1196 3554 1290 3637; x_wconf 84' lang='lat' dir='ltr'><strong>Syma</strong></span> <span class='ocrx_word' id='word_1_189' title='bbox 1320 3553 1360 3618; x_wconf 89' lang='lat' dir='ltr'>de</span> <span class='ocrx_word' id='word_1_190' title='bbox 1387 3553 1511 3635; x_wconf 72' lang='lat' dir='ltr'>Bodaos</span> 
     </span>
     <span class='ocr_line' id='line_1_31' title="bbox 158 3640 1510 3724; baseline 0.004 -25"><span class='ocrx_word' id='word_1_191' title='bbox 158 3648 245 3705; x_wconf 81' lang='lat' dir='ltr'>erant</span> <span class='ocrx_word' id='word_1_192' title='bbox 270 3647 360 3724; x_wconf 79' lang='lat' dir='ltr'>torro,</span> <span class='ocrx_word' id='word_1_193' title='bbox 392 3651 465 3705; x_wconf 87' lang='lat' dir='ltr'>sunt</span> <span class='ocrx_word' id='word_1_194' title='bbox 496 3642 568 3704; x_wconf 82' lang='lat' dir='ltr'>asini</span> <span class='ocrx_word' id='word_1_195' title='bbox 593 3667 674 3706; x_wconf 81' lang='lat' dir='ltr'>xxiiii</span> <span class='ocrx_word' id='word_1_196' title='bbox 707 3652 760 3705; x_wconf 85' lang='lat' dir='ltr'>aut</span> <span class='ocrx_word' id='word_1_197' title='bbox 783 3643 883 3718; x_wconf 78' lang='lat' dir='ltr'>oiroa;</span> <span class='ocrx_word' id='word_1_198' title='bbox 916 3647 946 3707; x_wconf 87' lang='lat' dir='ltr'>at</span> <span class='ocrx_word' id='word_1_199' title='bbox 978 3642 1025 3705; x_wconf 87' lang='lat' dir='ltr'>via</span> <span class='ocrx_word' id='word_1_200' title='bbox 1049 3640 1228 3706; x_wconf 80' lang='lat' dir='ltr'>Solasorum</span> <span class='ocrx_word' id='word_1_201' title='bbox 1261 3642 1326 3705; x_wconf 91' lang='lat' dir='ltr'>ibat</span> <span class='ocrx_word' id='word_1_202' title='bbox 1355 3646 1440 3707; x_wconf 81' lang='lat' dir='ltr'>reete</span> <span class='ocrx_word' id='word_1_203' title='bbox 1471 3641 1510 3705; x_wconf 88' lang='lat' dir='ltr'>ad</span> 
     </span>
     <span class='ocr_line' id='line_1_32' title="bbox 160 3727 1512 3813; baseline 0.001 -23"><span class='ocrx_word' id='word_1_204' title='bbox 160 3727 237 3791; x_wconf 80' lang='lat' dir='ltr'>siais</span> <span class='ocrx_word' id='word_1_205' title='bbox 264 3727 456 3794; x_wconf 83' lang='lat' dir='ltr'>Matosovioh</span> <span class='ocrx_word' id='word_1_206' title='bbox 480 3729 650 3810; x_wconf 81' lang='lat' dir='ltr'>antiquam,</span> <span class='ocrx_word' id='word_1_207' title='bbox 683 3749 743 3812; x_wconf 86' lang='lat' dir='ltr'>que</span> <span class='ocrx_word' id='word_1_208' title='bbox 768 3730 815 3793; x_wconf 87' lang='lat' dir='ltr'>via</span> <span class='ocrx_word' id='word_1_209' title='bbox 837 3749 922 3793; x_wconf 83' lang='lat' dir='ltr'>nune</span> <span class='ocrx_word' id='word_1_210' title='bbox 945 3734 991 3794; x_wconf 85' lang='lat' dir='ltr'>ast</span> <span class='ocrx_word' id='word_1_211' title='bbox 1016 3735 1163 3813; x_wconf 81' lang='lat' dir='ltr'>occupata</span> <span class='ocrx_word' id='word_1_212' title='bbox 1186 3749 1241 3813; x_wconf 85' lang='lat' dir='ltr'>per</span> <span class='ocrx_word' id='word_1_213' title='bbox 1264 3728 1382 3794; x_wconf 80' lang='lat' dir='ltr'>dietum</span> <span class='ocrx_word' id='word_1_214' title='bbox 1407 3727 1512 3812; x_wconf 82' lang='lat' dir='ltr'>Syme,</span> 
     </span>
     <span class='ocr_line' id='line_1_33' title="bbox 160 3814 1512 3900; baseline 0.001 -22"><span class='ocrx_word' id='word_1_215' title='bbox 160 3824 188 3878; x_wconf 84' lang='lat' dir='ltr'>ot</span> <span class='ocrx_word' id='word_1_216' title='bbox 214 3835 306 3898; x_wconf 77' lang='lat' dir='ltr'>supra</span> <span class='ocrx_word' id='word_1_217' title='bbox 338 3817 416 3879; x_wconf 78' lang='lat' dir='ltr'>viani</span> <span class='ocrx_word' id='word_1_218' title='bbox 442 3816 613 3898; x_wconf 72' lang='lat' dir='ltr'>prodictam</span> <span class='ocrx_word' id='word_1_219' title='bbox 638 3825 701 3881; x_wconf 85' lang='lat' dir='ltr'>erat</span> <span class='ocrx_word' id='word_1_220' title='bbox 730 3816 908 3881; x_wconf 68' lang='lat' dir='ltr'>selavorum</span> <span class='ocrx_word' id='word_1_221' title='bbox 942 3821 1031 3900; x_wconf 86' lang='lat' dir='ltr'>prout</span> <span class='ocrx_word' id='word_1_222' title='bbox 1063 3816 1223 3882; x_wconf 81' lang='lat' dir='ltr'>dicabatur</span> <span class='ocrx_word' id='word_1_223' title='bbox 1254 3822 1285 3882; x_wconf 86' lang='lat' dir='ltr'>et</span> <span class='ocrx_word' id='word_1_224' title='bbox 1308 3815 1347 3880; x_wconf 85' lang='lat' dir='ltr'>sb</span> <span class='ocrx_word' id='word_1_225' title='bbox 1377 3814 1431 3880; x_wconf 87' lang='lat' dir='ltr'>illa</span> <span class='ocrx_word' id='word_1_226' title='bbox 1462 3815 1512 3880; x_wconf 85' lang='lat' dir='ltr'>via</span> 
     </span>
     <span class='ocr_line' id='line_1_34' title="bbox 160 3902 602 3985; baseline 0.009 -21"><span class='ocrx_word' id='word_1_227' title='bbox 160 3903 303 3985; x_wconf 83' lang='lat' dir='ltr'>superius</span> <span class='ocrx_word' id='word_1_228' title='bbox 331 3910 377 3968; x_wconf 88' lang='lat' dir='ltr'>ost</span> <span class='ocrx_word' id='word_1_229' title='bbox 403 3902 602 3985; x_wconf 76' lang='lat' dir='ltr'>pastinatum,</span> 
     </span>
    </p>

    <p class='ocr_par' dir='ltr' id='par_1_13' title="bbox 161 3989 1511 4512">
     <span class='ocr_line' id='line_1_35' title="bbox 252 3989 1511 4074; baseline 0.002 -21"><span class='ocrx_word' id='word_1_230' title='bbox 252 3990 321 4053; x_wconf 83' lang='lat' dir='ltr'>Vita</span> <span class='ocrx_word' id='word_1_231' title='bbox 344 3992 382 4055; x_wconf 85' lang='lat' dir='ltr'>de</span> <span class='ocrx_word' id='word_1_232' title='bbox 409 3990 492 4055; x_wconf 79' lang='lat' dir='ltr'>[testi</span> <span class='ocrx_word' id='word_1_233' title='bbox 518 3992 605 4067; x_wconf 84' lang='lat' dir='ltr'>dixit,</span> <span class='ocrx_word' id='word_1_234' title='bbox 631 3992 712 4073; x_wconf 86' lang='lat' dir='ltr'>quod</span> <span class='ocrx_word' id='word_1_235' title='bbox 738 3999 810 4055; x_wconf 88' lang='lat' dir='ltr'>sunt</span> <span class='ocrx_word' id='word_1_236' title='bbox 842 3991 881 4055; x_wconf 83' lang='lat' dir='ltr'>ab</span> <span class='ocrx_word' id='word_1_237' title='bbox 905 3991 994 4055; x_wconf 88' lang='lat' dir='ltr'>annis</span> <span class='ocrx_word' id='word_1_238' title='bbox 1018 4016 1116 4056; x_wconf 79' lang='lat' dir='ltr'>xxviii</span> <span class='ocrx_word' id='word_1_239' title='bbox 1141 3991 1187 4057; x_wconf 79' lang='lat' dir='ltr'>val</span> <span class='ocrx_word' id='word_1_240' title='bbox 1212 3993 1303 4067; x_wconf 81' lang='lat' dir='ltr'>eirca,</span> <span class='ocrx_word' id='word_1_241' title='bbox 1336 3989 1420 4074; x_wconf 90' lang='lat' dir='ltr'>quod</span> <span class='ocrx_word' id='word_1_242' title='bbox 1443 3989 1511 4073; x_wconf 85' lang='lat' dir='ltr'>ipso</span> 
     </span>
     <span class='ocr_line' id='line_1_36' title="bbox 163 4077 1510 4162; baseline 0 -21"><span class='ocrx_word' id='word_1_243' title='bbox 163 4078 238 4141; x_wconf 79' lang='lat' dir='ltr'>vidit</span> <span class='ocrx_word' id='word_1_244' title='bbox 262 4080 417 4160; x_wconf 82' lang='lat' dir='ltr'><strong>quandam</strong></span> <span class='ocrx_word' id='word_1_245' title='bbox 441 4079 532 4156; x_wconf 81' lang='lat' dir='ltr'>viani,</span> <span class='ocrx_word' id='word_1_246' title='bbox 557 4099 616 4162; x_wconf 82' lang='lat' dir='ltr'>qua</span> <span class='ocrx_word' id='word_1_247' title='bbox 634 4079 799 4143; x_wconf 76' lang='lat' dir='ltr'>vocabatur</span> <span class='ocrx_word' id='word_1_248' title='bbox 822 4079 870 4142; x_wconf 90' lang='lat' dir='ltr'>via</span> <span class='ocrx_word' id='word_1_249' title='bbox 885 4079 1071 4155; x_wconf 73' lang='lat' dir='ltr'>eommunis</span> <span class='ocrx_word' id='word_1_250' title='bbox 1096 4084 1126 4143; x_wconf 89' lang='lat' dir='ltr'>et</span> <span class='ocrx_word' id='word_1_251' title='bbox 1143 4079 1196 4143; x_wconf 87' lang='lat' dir='ltr'>itta</span> <span class='ocrx_word' id='word_1_252' title='bbox 1216 4079 1264 4143; x_wconf 83' lang='lat' dir='ltr'>vis</span> <span class='ocrx_word' id='word_1_253' title='bbox 1287 4083 1353 4143; x_wconf 86' lang='lat' dir='ltr'>arat</span> <span class='ocrx_word' id='word_1_254' title='bbox 1376 4077 1510 4142; x_wconf 82' lang='lat' dir='ltr'>multum</span> 
     </span>
     <span class='ocr_line' id='line_1_37' title="bbox 162 4163 1510 4250; baseline 0.001 -23"><span class='ocrx_word' id='word_1_255' title='bbox 162 4165 230 4249; x_wconf 79' lang='lat' dir='ltr'>plus</span> <span class='ocrx_word' id='word_1_256' title='bbox 256 4165 393 4242; x_wconf 80' lang='lat' dir='ltr'>interius,</span> <span class='ocrx_word' id='word_1_257' title='bbox 421 4173 451 4230; x_wconf 82' lang='lat' dir='ltr'>ot</span> <span class='ocrx_word' id='word_1_258' title='bbox 475 4172 549 4231; x_wconf 83' lang='lat' dir='ltr'>tuno</span> <span class='ocrx_word' id='word_1_259' title='bbox 572 4173 660 4231; x_wconf 85' lang='lat' dir='ltr'>erant</span> <span class='ocrx_word' id='word_1_260' title='bbox 683 4173 763 4232; x_wconf 85' lang='lat' dir='ltr'>terro</span> <span class='ocrx_word' id='word_1_261' title='bbox 787 4166 908 4232; x_wconf 83' lang='lat' dir='ltr'>steriles</span> <span class='ocrx_word' id='word_1_262' title='bbox 931 4168 988 4231; x_wconf 89' lang='lat' dir='ltr'>sub</span> <span class='ocrx_word' id='word_1_263' title='bbox 1013 4167 1128 4232; x_wconf 83' lang='lat' dir='ltr'>dietam</span> <span class='ocrx_word' id='word_1_264' title='bbox 1154 4167 1234 4230; x_wconf 88' lang='lat' dir='ltr'>viam</span> <span class='ocrx_word' id='word_1_265' title='bbox 1250 4171 1281 4232; x_wconf 85' lang='lat' dir='ltr'>at</span> <span class='ocrx_word' id='word_1_266' title='bbox 1304 4185 1398 4250; x_wconf 82' lang='lat' dir='ltr'>suprs</span> <span class='ocrx_word' id='word_1_267' title='bbox 1418 4163 1510 4248; x_wconf 85' lang='lat' dir='ltr'>viam,</span> 
     </span>
     <span class='ocr_line' id='line_1_38' title="bbox 161 4251 1511 4338; baseline 0.003 -24"><span class='ocrx_word' id='word_1_268' title='bbox 161 4254 214 4317; x_wconf 84' lang='lat' dir='ltr'>sod</span> <span class='ocrx_word' id='word_1_269' title='bbox 240 4253 327 4316; x_wconf 85' lang='lat' dir='ltr'>ouius</span> <span class='ocrx_word' id='word_1_270' title='bbox 351 4260 438 4317; x_wconf 72' lang='lat' dir='ltr'>«arant</span> <span class='ocrx_word' id='word_1_271' title='bbox 471 4253 552 4319; x_wconf 81' lang='lat' dir='ltr'>dioto</span> <span class='ocrx_word' id='word_1_272' title='bbox 577 4260 657 4319; x_wconf 81' lang='lat' dir='ltr'><strong>tarra</strong></span> <span class='ocrx_word' id='word_1_273' title='bbox 682 4274 785 4328; x_wconf 87' lang='lat' dir='ltr'>vaoua,</span> <span class='ocrx_word' id='word_1_274' title='bbox 817 4274 876 4337; x_wconf 85' lang='lat' dir='ltr'>qua</span> <span class='ocrx_word' id='word_1_275' title='bbox 907 4259 996 4320; x_wconf 83' lang='lat' dir='ltr'>erant</span> <span class='ocrx_word' id='word_1_276' title='bbox 1022 4274 1115 4338; x_wconf 85' lang='lat' dir='ltr'>supra</span> <span class='ocrx_word' id='word_1_277' title='bbox 1139 4254 1229 4331; x_wconf 86' lang='lat' dir='ltr'>viam,</span> <span class='ocrx_word' id='word_1_278' title='bbox 1262 4254 1316 4319; x_wconf 85' lang='lat' dir='ltr'>sad</span> <span class='ocrx_word' id='word_1_279' title='bbox 1347 4251 1434 4317; x_wconf 86' lang='lat' dir='ltr'>ouius</span> <span class='ocrx_word' id='word_1_280' title='bbox 1457 4271 1511 4318; x_wconf 83' lang='lat' dir='ltr'>ne·</span> 
     </span>
     <span class='ocr_line' id='line_1_39' title="bbox 161 4338 1511 4426; baseline 0.001 -22"><span class='ocrx_word' id='word_1_281' title='bbox 161 4340 287 4404; x_wconf 66' lang='lat' dir='ltr'>sitiebat.</span> <span class='ocrx_word' id='word_1_282' title='bbox 319 4338 358 4404; x_wconf 81' lang='lat' dir='ltr'>Et</span> <span class='ocrx_word' id='word_1_283' title='bbox 383 4340 433 4404; x_wconf 86' lang='lat' dir='ltr'>itta</span> <span class='ocrx_word' id='word_1_284' title='bbox 459 4342 505 4405; x_wconf 86' lang='lat' dir='ltr'>via</span> <span class='ocrx_word' id='word_1_285' title='bbox 531 4362 613 4406; x_wconf 85' lang='lat' dir='ltr'>nuno</span> <span class='ocrx_word' id='word_1_286' title='bbox 636 4348 683 4406; x_wconf 86' lang='lat' dir='ltr'>est</span> <span class='ocrx_word' id='word_1_287' title='bbox 706 4348 854 4425; x_wconf 79' lang='lat' dir='ltr'>occupata</span> <span class='ocrx_word' id='word_1_288' title='bbox 879 4363 934 4425; x_wconf 82' lang='lat' dir='ltr'>per</span> <span class='ocrx_word' id='word_1_289' title='bbox 956 4341 1051 4425; x_wconf 86' lang='lat' dir='ltr'><strong>Syma</strong></span> <span class='ocrx_word' id='word_1_290' title='bbox 1073 4342 1112 4407; x_wconf 87' lang='lat' dir='ltr'>da</span> <span class='ocrx_word' id='word_1_291' title='bbox 1136 4341 1257 4426; x_wconf 71' lang='lat' dir='ltr'>Bodaoa</span> <span class='ocrx_word' id='word_1_292' title='bbox 1280 4347 1311 4407; x_wconf 84' lang='lat' dir='ltr'>st</span> <span class='ocrx_word' id='word_1_293' title='bbox 1334 4345 1406 4405; x_wconf 87' lang='lat' dir='ltr'>sunt</span> <span class='ocrx_word' id='word_1_294' title='bbox 1429 4338 1511 4405; x_wconf 77' lang='lat' dir='ltr'>sacto</span> 
     </span>
     <span class='ocr_line' id='line_1_40' title="bbox 162 4428 488 4512; baseline 0.003 -21"><span class='ocrx_word' id='word_1_295' title='bbox 162 4428 240 4493; x_wconf 84' lang='lat' dir='ltr'>vitos</span> <span class='ocrx_word' id='word_1_296' title='bbox 264 4448 356 4510; x_wconf 83' lang='lat' dir='ltr'>supra</span> <span class='ocrx_word' id='word_1_297' title='bbox 381 4428 488 4512; x_wconf 82' lang='lat' dir='ltr'>ipsam.</span> 
     </span>
    </p>

    <p class='ocr_par' dir='ltr' id='par_1_14' title="bbox 252 4514 1509 4600">
     <span class='ocr_line' id='line_1_41' title="bbox 252 4514 1509 4600; baseline 0.002 -24"><span class='ocrx_word' id='word_1_298' title='bbox 252 4515 320 4579; x_wconf 89' lang='lat' dir='ltr'>Vita</span> <span class='ocrx_word' id='word_1_299' title='bbox 344 4516 382 4579; x_wconf 87' lang='lat' dir='ltr'>da</span> <span class='ocrx_word' id='word_1_300' title='bbox 407 4516 541 4580; x_wconf 72' lang='lat' dir='ltr'>Basante</span> <span class='ocrx_word' id='word_1_301' title='bbox 557 4515 644 4594; x_wconf 84' lang='lat' dir='ltr'>dixit,</span> <span class='ocrx_word' id='word_1_302' title='bbox 670 4518 752 4599; x_wconf 92' lang='lat' dir='ltr'>quod</span> <span class='ocrx_word' id='word_1_303' title='bbox 769 4522 841 4582; x_wconf 89' lang='lat' dir='ltr'>sunt</span> <span class='ocrx_word' id='word_1_304' title='bbox 857 4515 939 4582; x_wconf 88' lang='lat' dir='ltr'>oiroa</span> <span class='ocrx_word' id='word_1_305' title='bbox 955 4517 1028 4581; x_wconf 90' lang='lat' dir='ltr'>anni</span> <span class='ocrx_word' id='word_1_306' title='bbox 1044 4541 1137 4593; x_wconf 76' lang='lat' dir='ltr'>xxxxix,</span> <span class='ocrx_word' id='word_1_307' title='bbox 1162 4515 1244 4600; x_wconf 86' lang='lat' dir='ltr'>quod</span> <span class='ocrx_word' id='word_1_308' title='bbox 1266 4514 1328 4580; x_wconf 86' lang='lat' dir='ltr'>vidi</span> <span class='ocrx_word' id='word_1_309' title='bbox 1352 4514 1509 4598; x_wconf 79' lang='lat' dir='ltr'><strong>quandam</strong></span> 
     </span>
    </p>
   </div>
   <div class='ocr_carea' id='block_1_5' title="bbox 164 4602 1545 4776">
    <p class='ocr_par' dir='ltr' id='par_1_15' title="bbox 164 4602 1545 4776">
     <span class='ocr_line' id='line_1_42' title="bbox 164 4602 1545 4689; baseline 0.002 -24"><span class='ocrx_word' id='word_1_310' title='bbox 164 4602 326 4667; x_wconf 81' lang='lat' dir='ltr'>mesariam</span> <span class='ocrx_word' id='word_1_311' title='bbox 352 4623 445 4686; x_wconf 87' lang='lat' dir='ltr'>supra</span> <span class='ocrx_word' id='word_1_312' title='bbox 467 4603 693 4687; x_wconf 84' lang='lat' dir='ltr'>possessionem</span> <span class='ocrx_word' id='word_1_313' title='bbox 711 4603 804 4689; x_wconf 82' lang='lat' dir='ltr'><strong>Syma</strong></span> <span class='ocrx_word' id='word_1_314' title='bbox 827 4606 865 4670; x_wconf 87' lang='lat' dir='ltr'>da</span> <span class='ocrx_word' id='word_1_315' title='bbox 889 4604 1029 4686; x_wconf 70' lang='lat' dir='ltr'>Bodaea3</span> <span class='ocrx_word' id='word_1_316' title='bbox 1052 4603 1078 4669; x_wconf 93' lang='lat' dir='ltr'>si</span> <span class='ocrx_word' id='word_1_317' title='bbox 1102 4603 1243 4682; x_wconf 75' lang='lat' dir='ltr'>maestis,</span> <span class='ocrx_word' id='word_1_318' title='bbox 1268 4622 1329 4687; x_wconf 83' lang='lat' dir='ltr'>quo</span> <span class='ocrx_word' id='word_1_319' title='bbox 1351 4605 1399 4669; x_wconf 85' lang='lat' dir='ltr'>ast</span> <span class='ocrx_word' id='word_1_320' title='bbox 1413 4620 1510 4688; x_wconf 81' lang='lat' dir='ltr'>nuno,</span> <span class='ocrx_word' id='word_1_321' title='bbox 1539 4650 1545 4657; x_wconf 83' lang='grc'>-</span> 
     </span>
     <span class='ocr_line' id='line_1_43' title="bbox 165 4687 757 4776; baseline 0.005 -21"><span class='ocrx_word' id='word_1_322' title='bbox 165 4693 210 4755; x_wconf 71' lang='lat' dir='ltr'>st</span> <span class='ocrx_word' id='word_1_323' title='bbox 232 4687 294 4769; x_wconf 85' lang='lat' dir='ltr'>iila,</span> <span class='ocrx_word' id='word_1_324' title='bbox 319 4709 413 4775; x_wconf 85' lang='lat' dir='ltr'><strong>quam</strong></span> <span class='ocrx_word' id='word_1_325' title='bbox 437 4690 498 4756; x_wconf 88' lang='lat' dir='ltr'>vidi</span> <span class='ocrx_word' id='word_1_326' title='bbox 521 4690 618 4776; x_wconf 87' lang='lat' dir='ltr'>prius,</span> <span class='ocrx_word' id='word_1_327' title='bbox 642 4689 757 4759; x_wconf 80' lang='lat' dir='ltr'>neseio.</span> 
     </span>
    </p>
   </div>
   <div class='ocr_carea' id='block_1_6' title="bbox 0 0 1630 5108">
    <p class='ocr_par' dir='ltr' id='par_1_16' title="bbox 0 0 1630 5108">
     <span class='ocr_line' id='line_1_44' title="bbox 0 0 1630 5108; baseline 0 0"><span class='ocrx_word' id='word_1_328' title='bbox 0 0 1630 5108; x_wconf 95' lang='lat' dir='ltr'> </span> 
     </span>
    </p>
   </div>
  </div>
 </body>
</html>
