3224 5108
156 284 216 349 172
427 263 433 269 ”
714 262 718 269 ’
746 286 784 350 A.
811 290 903 350 1362.

239 473 279 539 Et
302 475 394 539 istam
419 473 554 540 litteram
579 476 720 541 ducalem
737 480 768 541 et
791 476 927 543 litteram
944 477 1062 541 domini
1089 479 1159 542 bani
1177 478 1316 546 debeatis
1339 478 1504 564 assignare

153 568 184 627 et
207 565 436 638 retentandam,
461 564 585 647 quando
612 564 715 629 reniet
739 568 873 629 vestrum
903 564 1057 629 cambium
1081 566 1242 650 capitaneo
1261 573 1294 633 et
1316 567 1504 633 consiliariis

151 650 264 714 turturis
288 652 325 714 ad
350 650 409 715 boc
432 656 466 715 ut
490 652 604 715 vadant
626 652 665 716 de
688 652 848 735 capitaneo
872 653 904 715 in
928 653 1097 737 capitaneo

236 754 310 807 Lau.
331 755 430 808 Gomm.
452 755 518 809 Leo.
536 758 676 809 1361-90
688 754 742 822 sol.
760 758 805 808 40.

238 878 344 942 Prima
368 900 439 963 pars
461 885 508 946 est
538 881 702 945 dedendo
734 880 897 945 arbitrium
928 881 1054 945 domino
1087 882 1198 947 rectori
1230 886 1262 946 et
1284 907 1306 945 11
1329 882 1503 966 capitaneis

150 986 271 1049 guerre,
296 968 378 1049 quod
404 969 523 1050 possint
538 969 662 1034 mittere
685 970 723 1032 ad
740 969 942 1035 auferendum
967 973 997 1034 et
1017 969 1201 1052 capiendum
1225 969 1373 1035 animalia
1396 969 1501 1033 inimi-

149 1073 255 1118 corum
272 1060 449 1119 nostrorum
475 1057 737 1121 descendentium
753 1057 792 1119 ad
808 1060 950 1121 nostrum
971 1056 1152 1121 comitatum
1170 1059 1208 1121 ad
1232 1056 1500 1141 dapnifioandum‚

150 1142 274 1224 quamdo
298 1142 453 1206 videbitur
475 1143 530 1209 eis.
559 1143 647 1228 Capt.
666 1164 729 1224 per
751 1163 864 1208 omncs.

236 1246 342 1310 Prima
365 1267 437 1330 pars
460 1253 506 1312 est
539 1249 702 1312 dedendo
735 1249 897 1313 arbitrium
930 1248 1056 1312 domino
1087 1248 1198 1313 rectori
1230 1253 1260 1314 et
1283 1274 1305 1313 ιι
1328 1247 1501 1332 capitaneis

151 1353 272 1417 guerre,
298 1335 379 1417 quod
398 1335 423 1398 si
440 1334 543 1419 alique
559 1336 673 1401 barche
697 1335 800 1401 velent
816 1337 860 1402 ire
883 1335 936 1400 ubi
953 1336 1038 1399 vadit
1059 1336 1148 1419 galea
1165 1342 1268 1401 nestra
1292 1337 1331 1400 ad
1355 1336 1501 1419 dampni·

151 1421 308 1486 fioandum
332 1426 455 1487 nostros
480 1423 631 1501 inimicos,
665 1425 748 1507 quod
771 1425 893 1507 possint
916 1424 1000 1507 ipsos
1023 1423 1180 1488 dimittere
1205 1423 1256 1488 ire.
1287 1423 1327 1488 ,ut
1351 1423 1500 1507 quiequid

152 1508 234 1573 dicte
257 1509 371 1576 barche
395 1510 569 1593 lucrabunt,
592 1512 676 1593 qued
700 1511 879 1594 capitaneus
902 1511 990 1595 galee
1015 1530 1071 1575 neo
1086 1510 1252 1575 consiliarii
1276 1530 1340 1574 nou
1363 1512 1500 1576 debeant

152 1595 211 1659 sibi
235 1597 384 1680 accipere.
417 1598 478 1664 Sed
501 1599 542 1663 sit
572 1603 671 1663 totum
697 1599 825 1665 ‚lucrum
851 1599 1000 1683 ipsarum,
1032 1598 1113 1680 qood
1138 1599 1203 1682 ipse
1235 1597 1350 1664 sacient
1374 1618 1498 1682 presen-

151 1685 244 1748 taudo
268 1704 302 1750 se
324 1686 495 1769 capitaneo.
523 1684 616 1768 Oopt.
635 1707 696 1771 per
719 1686 791 1750 lrall.
816 1711 910 1750 xxxn.

236 1789 343 1854 Prima
366 1811 437 1874 pars
460 1796 506 1855 est
537 1792 575 1857 de
598 1792 752 1856 mittendo
775 1790 896 1874 aliquos
925 1790 1045 1856 nobiles
1069 1790 1212 1856 homines
1235 1792 1273 1854 ad
1297 1790 1426 1856 Slauum
1459 1793 1499 1856 ad

149 1877 303 1941 slanieum
328 1898 398 1942 cum
423 1877 554 1944 Seneho.
583 1878 675 1960 Copt.
696 1899 757 1958 per
779 1897 892 1943 omues.

236 1963 378 2030 Secuuda
402 1985 473 2049 pars
497 1972 543 2031 est
566 1967 604 2031 de
629 1967 781 2032 mittendo
805 1992 825 2030 ιι
841 1966 961 2032 nobiles
982 1966 1126 2030 homines
1149 1966 1187 2029 ad
1204 1964 1373 2049 stauigum.
1402 1963 1497 2047 Gupt.

142 2071 204 2130 por
228 2076 300 2116 xxx.

236 2243 296 2308 line
318 2269 417 2310 xxvnr
434 2271 550 2311 nuncu.
575 2245 612 2309 In
628 2243 810 2310 oonsilio
833 2250 1076 2330 rogatorum
1101 2243 1173 2309 trull.
1191 2268 1319 2309 nxxvur.
1344 2243 1498 2310 Dominus

150 2335 251 2395 rector
274 2351 323 2396 ser
345 2332 481 2399 lacobus
505 2336 544 2398 ds
568 2333 685 2415 Menoe,
710 2352 781 2397 eum
805 2352 898 2416 parve
922 2331 1062 2407 oonsilio,
1094 2338 1124 2397 et
1147 2351 1218 2396 oum
1242 2357 1276 2394 ιιι
1300 2330 1498 2411 officialibus,

150 2418 306 2501 deputat-is
329 2422 369 2484 ad
392 2422 591 2487 rendendum
613 2420 693 2485 bona
709 2420 925 2486 Catarinerum
949 2425 979 2485 et
1002 2421 1220 2484 advocatorum
1237 2419 1389 2504 comunis,
1413 2421 1499 2486 dixe·

152 2514 224 2569 runt
248 2507 329 2588 qued
354 2533 388 2571 nr
413 2509 513 2591 quarti
538 2510 649 2573 domus
666 2508 873 2592 lentegerum,
898 2527 957 2590 que
980 2508 1039 2571 suit
1062 2507 1148 2570 Junii
1172 2509 1210 2571 de
1227 2507 1370 2592 Georgia
1393 2512 1499 2591 empto

151 2613 205 2676 per
228 2593 308 2658 filios
331 2595 422 2679 Tripe
446 2598 484 2662 de
502 2596 629 2667 Buchia,
654 2597 786 2660 debeant
810 2616 876 2661 esse
901 2595 987 2660 liberi
1012 2595 1137 2659 domine
1155 2592 1307 2678 Phylippe
1331 2595 1369 2658 de
1385 2593 1498 2677 Menoe

153 2685 278 2763 propter
297 2682 377 2764 jura,
410 2703 488 2766 (puae
513 2684 580 2768 ipso
607 2683 784 2759 ostendidit,
819 2684 885 2767 ipsa
915 2684 1060 2754 firmante
1091 2692 1192 2746 cartas
1223 2701 1294 2746 suas
1319 2701 1373 2764 per
1396 2701 1498 2747 sacra·

154 2776 303 2833 mentum.
328 2769 368 2834 Et
392 2773 473 2854 quod
492 2791 622 2836 comune
647 2790 707 2834 non
726 2769 821 2836 habet
843 2770 969 2853 aliquod
981 2771 1033 2853 jus
1058 2771 1089 2833 in
1113 2769 1205 2833 dictis
1229 2794 1262 2832 ιιι
1280 2769 1408 2851 quartis.

235 2961 294 3026 Dm
317 2986 419 3027 xxvnr
442 2989 557 3029 aranon.
590 2964 627 3028 In
650 2960 835 3028 oonsilio
867 2962 1012 3026 maiori
1036 2961 1109 3026 boll.
1135 2985 1262 3026 nxnvnr.
1293 2959 1399 3025 Prima
1425 2980 1499 3044 pars

148 3054 204 3114 est.
230 3051 312 3130 quod
337 3071 468 3116 comune
492 3072 525 3116 se
549 3052 667 3135 obliget
690 3056 721 3116 et
744 3051 826 3113 laona
842 3069 896 3113 sua
913 3051 952 3113 ad
968 3050 1148 3114 solvendum
1173 3048 1257 3112 omni
1281 3066 1362 3111 anno
1380 3048 1498 3114 Demea

148 3136 186 3199 de
218 3136 358 3200 Gondola
382 3140 509 3202 ducatos
540 3165 590 3215 vn,
624 3139 795 3204 seeundum
828 3138 909 3219 quod
941 3136 1020 3201 Nixa
1053 3136 1159 3200 Nil'srei
1193 3136 1231 3199 de
1260 3134 1401 3199 Gondola
1431 3140 1498 3201 erat

147 3223 248 3287 eidem
273 3225 388 3290 Domce
419 3226 574 3310 obligatus
607 3246 660 3310 pro
692 3230 779 3309 parto
811 3225 959 3288 benorum
990 3224 1080 3306 'lbipe
1115 3221 1169 3286 lilii
1200 3222 1273 3304 Cire
1303 3224 1342 3287 do
1365 3222 1497 3307 Buohia,

148 3310 246 3375 donee
277 3313 360 3375 diota
384 3313 501 3378 Domca
532 3314 622 3379 rivet.
657 3313 698 3377 Et
729 3332 860 3378 colunne
891 3316 962 3375 ente
995 3310 1131 3394 obligata
1149 3311 1260 3375 'donec
1288 3310 1393 3374 onrnia
1416 3309 1497 3375 bena

147 3398 299 3461 <lictorum
332 3400 466 3464 liliorum
491 3403 567 3469 live
597 3405 777 3466 remaneant
809 3400 841 3462 in
874 3418 1013 3482 comune,
1046 3408 1075 3463 ot
1107 3403 1244 3462 cassetur
1276 3403 1369 3481 carta,
1401 3417 1496 3480 quam

148 3485 215 3566 ipsa
240 3485 332 3551 babet
355 3495 463 3552 centra
487 3472 588 3572 ipsum
613 3488 735 3552 Niram.
765 3486 848 3567 Cupt
868 3507 927 3569 por
949 3509 1056 3550 rxxnr.

235 3591 376 3655 Secunda
403 3614 474 3676 pars
505 3600 551 3659 est
582 3594 664 3676 qnod
698 3593 764 3676 ipse
787 3590 868 3655 Nixa
900 3599 1057 3656 remaneat
1088 3589 1243 3673 obligatus
1274 3589 1355 3654 dicte
1379 3589 1497 3667 Demea

149 3676 229 3739 sieut
252 3684 307 3753 est,
332 3684 362 3743 ot
386 3679 499 3744 lrabeat
522 3687 668 3763 quartum
692 3681 842 3744 bonorum
868 3677 1002 3743 liliorum
1026 3679 1101 3742 dicti
1125 3677 1197 3766 ino
1222 3678 1259 3741 de
1284 3676 1412 3752 Boubia,
1441 3696 1495 3742 na·

147 3772 248 3828 torum
272 3786 308 3830 er
334 3766 396 3830 lilio
420 3768 582 3833 Michaelis
606 3769 644 3833 de
668 3768 786 3853 lllence.

236 3958 294 4021 lim
325 3984 423 4024 xxvrn
456 3984 561 4025 nnnsrs
592 3984 707 4026 nuncu.
741 3959 795 4024 Ser
827 3957 968 4022 Marinus
999 3957 1036 4020 de
1060 3956 1181 4035 Merme,
1212 3975 1261 4020 ser
1284 3955 1424 4019 Marinus
1457 3956 1496 4021 de

150 4044 260 4108 Vitana
285 4046 314 4109 in
341 4047 489 4112 minori
523 4048 723 4130 consilio,
756 4066 832 4109 sono
856 4063 1006 4127 campane
1029 4048 1081 4108 cte.
1107 4050 1305 4127 congregato,
1330 4062 1367 4106 ex
1390 4048 1497 4108 aueto-

148 4133 237 4197 ritate
262 4133 337 4215 ipsis
360 4135 431 4198 rlrrta
455 4156 471 4198 a
495 4136 622 4199 consilio
655 4141 843 4219 rogatorum,
876 4131 964 4197 electi
989 4131 1113 4195 suerunt
1144 4140 1174 4195 et
1199 4130 1312 4194 lirmati
1336 4130 1419 4212 quod
1449 4129 1496 4196 ire

146 4220 278 4285 ‹lebeant
302 4224 338 4284 ad
363 4222 489 4286 Slanum
515 4224 552 4285 ad
576 4223 730 4287 stanicum
754 4241 824 4285 cnm
849 4219 970 4284 Senelro
994 4220 1155 4290 (rossa-m).

237 4413 294 4476 lina
319 4438 425 4477 nxvnn
451 4440 529 4477 ιιιιειι
556 4438 669 4477 arensis.
711 4411 899 4476 lladoslovus
923 4409 1105 4485 (lullorieb,
1130 4410 1267 4474 rin-enez
1291 4411 1386 4473 l'ralor
1408 4428 1495 4485 suus,

147 4500 184 4563 do
213 4501 333 4563 llusliza
357 4502 387 4564 in
421 4503 498 4564 min
511 4503 570 4565 ori
604 4500 805 4575 consilio,
838 4519 913 4562 sono
937 4519 1086 4581 carnprme
1110 4504 1163 4562 ere.
1189 4504 1386 4580 congregato,
1419 4496 1496 4562 facti

149 4586 274 4651 suerunt
298 4588 380 4652 cives
405 4588 540 4673 llagusii‚
573 4589 626 4671 (fui
655 4587 838 4671 juraverunt
861 4591 1009 4670 perpetuo
1041 4586 1105 4649 loro
1131 4586 1237 4650 fideles
1267 4583 1409 4648 comunis
1433 4582 1497 4648 Ra-

146 4675 229 4759 gusii
254 4679 284 4740 et
308 4676 409 4743 lacere
432 4695 540 4742 omnes
564 4677 702 4741 l'aoiones
725 4673 868 4754 civitatis,
892 4673 938 4739 sic
960 4673 1091 4757 quilibet
1113 4693 1203 4738 verus
1226 4672 1310 4738 civis.
