3270 5138
131 270 196 336 264
258 331 261 334 ,
734 271 770 332 x.
799 272 890 333 resa.
959 217 961 221 ’

135 463 202 528 bele
219 460 290 526 uini
305 480 366 547 ¹ser
388 459 458 527 Vite
482 462 519 527 de
544 461 666 544 Bagoae
689 459 829 544 epitrope
853 460 975 525 illorum
1000 460 1038 524 de
1055 458 1174 524 Garnbe
1198 457 1339 524 videlicet
1363 459 1402 524 do
1417 477 1486 542 par-

135 549 217 634 peris
240 554 365 613 centurn
389 556 420 613 ct
444 548 615 614 duodecim.

222 635 300 701 Item
334 636 366 700 in
398 636 481 700 dicto
513 635 669 699 minori
702 634 885 699 consilio
910 640 1033 717 captum
1057 632 1116 696 luit
1143 640 1175 698 et
1204 633 1373 712 firmatum,
1404 633 1488 716 quod

134 722 277 788 banchus
300 724 338 788 dc
362 723 444 805 Goce
468 732 499 787 ct
522 723 604 786 Nira
627 724 665 786 de
689 722 813 805 Caboge
843 742 920 804 qnos
944 722 1084 786 Dimicus
1107 721 1145 784 de
1168 720 1304 785 Benessa
1328 721 1394 784 vult
1417 739 1486 803 pro·

134 812 247 875 ducere
270 811 309 874 ad
333 811 538 894 probandum,
563 811 718 893 quomodo
742 809 849 875 Marco
872 809 956 873 filius
980 808 1049 873 Vite
1073 808 1111 872 de
1136 809 1278 891 Bageuce
1301 808 1379 873 dixit
1401 809 1486 891 quod

134 903 182 963 est
206 897 356 981 scriptum
381 898 413 961 in
445 904 594 979 quaterno
619 897 725 979 ipsius,
750 896 821 962 Vite
844 897 999 980 quomodo
1033 895 1098 977 ipse
1121 894 1194 958 Vita
1217 895 1332 978 recepit
1357 895 1487 978 abipso

136 983 271 1049 Dimcho
306 1004 390 1068 perp.
416 1007 551 1060 cxxxsx,
577 1004 640 1048 non
663 991 793 1067 possunt
817 981 975 1048 testificari
998 983 1030 1046 in
1053 983 1112 1046 ista
1135 1001 1228 1047 cause
1251 1001 1306 1066 pro
1329 1003 1375 1065 eo,
1403 983 1487 1064 quod

135 1072 219 1136 filius
241 1091 304 1136 non
330 1079 430 1154 potest
464 1071 602 1156 obligare
630 1080 747 1154 patrem
779 1076 810 1136 et
833 1072 916 1153 quod
940 1070 1120 1136 testificacio
1143 1069 1282 1153 ipsorum
1314 1074 1361 1136 est
1384 1069 1416 1134 in
1440 1090 1487 1135 se·

134 1161 236 1226 cunda
259 1179 363 1223 manu.

224 1245 259 1316 In
276 1247 361 1310 dicto
385 1246 535 1310 minori
561 1244 743 1310 consilio
761 1252 886 1330 captum
902 1245 961 1310 fuit
976 1249 1007 1311 et
1023 1245 1193 1320 firmatum,
1217 1244 1300 1327 quod
1317 1243 1489 1327 accipiatur

135 1353 250 1400 corona
282 1353 375 1416 quam
411 1339 495 1399 tenet
519 1333 603 1399 Mate
635 1334 673 1400 de
695 1333 807 1414 Menoe
838 1335 877 1398 de
901 1334 1045 1398 menibus
1068 1333 1142 1410 suis,
1174 1339 1205 1397 et
1227 1331 1339 1398 debeat
1366 1331 1432 1396 dari
1457 1332 1490 1395 in

137 1422 281 1487 manibus
305 1419 444 1485 omnium
471 1428 607 1485 tutorum
632 1421 695 1486 filie
718 1422 827 1486 Andro
851 1421 901 1485 del
925 1421 1022 1486 Gallo.

224 1507 340 1573 Ablata
370 1507 430 1572 suit
460 1508 543 1574 dicte
573 1527 687 1573 corona
720 1508 837 1592 prelato
868 1508 954 1573 Mate
985 1513 1016 1574 et
1039 1508 1111 1571 dote
1144 1507 1277 1591 Georgio
1302 1504 1420 1571 Pasche
1451 1507 1490 1571 de

137 1595 284 1679 Georgio,
309 1595 403 1660 tutori
427 1594 491 1661 filie
515 1596 589 1660 dicti
613 1596 749 1672 Andree‚
774 1615 834 1678 que
858 1615 971 1661 corona
994 1595 1053 1659 luit
1077 1594 1162 1678 pecie
1185 1619 1228 1659 xv
1252 1613 1321 1658 cum
1338 1592 1434 1677 perlis
1458 1596 1489 1658 et

139 1683 295 1768 lapidibus
329 1682 485 1766 preciosis,
517 1703 650 1767 quorum
673 1683 813 1767 lapidum
844 1703 924 1747 unus
955 1683 1033 1767 lapis
1064 1689 1112 1747 est
1139 1682 1314 1746 abstractus
1337 1680 1375 1746 de
1407 1679 1490 1745 diota

138 1789 261 1853 corona,
285 1777 316 1836 et
361 1770 423 1837 erle
446 1794 475 1834 v.

225 1792 371 1924 (1111111111)1
396 1857 468 1942 quia
491 1857 550 1921 fuit
573 1855 715 1922 ablatae
739 1858 821 1922 dicto
845 1856 978 1940 Georgio
1008 1863 1038 1920 et
1062 1858 1133 1920 data
1157 1855 1335 1942 Alexandro
1359 1855 1489 1921 Sebaste

138 1998 145 2010 .
172 1998 177 2010 .
204 1997 210 2010 .
234 1945 243 2009 ’.
269 1933 459 2022 devolans,
491 1946 529 2010 de
555 1946 699 2010 mandato
723 1944 842 2010 domini
870 1944 998 2010 rectoris
1021 1950 1052 2009 et
1076 1943 1161 2028 parvi
1192 1942 1312 2008 consilii
1336 1967 1489 2009 xnrcrxm

137 2033 187 2098 dio
211 2057 258 2097 xn
281 2052 352 2116 may
377 2053 490 2098 corona
514 2032 641 2116 prelata.

226 2224 286 2288 Dm
308 2247 366 2288 xm
390 2249 489 2288 uxnrr.
523 2223 560 2288 In
592 2223 774 2288 consilio
807 2228 1051 2307 rogatorum
1084 2223 1157 2287 boll.
1182 2246 1257 2287 xxx.
1289 2221 1394 2287 Prima
1422 2241 1493 2306 pars

140 2312 188 2376 est
211 2311 250 2376 de
273 2310 414 2377 faciendo
438 2312 555 2376 donum
580 2311 641 2375 illis
667 2310 705 2375 de
728 2309 820 2375 Balsa
844 2310 875 2374 in
899 2309 1003 2374 armis.
1032 2308 1122 2395 Cupt.
1142 2331 1204 2390 per
1226 2329 1340 2374 carries.

227 2397 332 2462 Prima
355 2419 426 2481 pars
449 2405 497 2464 est
520 2400 557 2463 de
582 2398 765 2481 accipiendo
789 2398 827 2461 de
850 2397 913 2463 sale
929 2417 1076 2481 perperos
1099 2422 1157 2464 nex
1180 2416 1234 2480 pro
1259 2397 1357 2474 donis,
1382 2396 1493 2461 salario

141 2484 360 2550 ambariatoris
383 2492 414 2550 et
438 2485 562 2561 barche,
587 2493 618 2551 ct
642 2504 699 2568 pro
725 2485 877 2568 expensis.
906 2483 999 2566 Cept.
1018 2505 1215 2566 permanes.

223 2570 329 2635 Prima
353 2593 424 2656 pars
448 2580 495 2639 est
519 2574 557 2637 de
581 2571 774 2655 probibendo
795 2592 850 2655 per
873 2571 1007 2655 aliquem
1031 2572 1189 2657 navigium
1214 2573 1252 2637 de
1268 2570 1419 2657 Raguseis
1443 2571 1491 2636 ro'l

138 2659 206 2743 ojus
229 2658 371 2724 districtu
395 2680 458 2725 non
481 2660 593 2725 audeat
616 2661 660 2725 ire
683 2660 722 2723 ad
738 2658 857 2742 aliquas
881 2667 978 2726 terras
996 2659 1137 2743 Appulee
1161 2660 1227 2724 sine
1252 2659 1381 2726 licencia
1404 2658 1490 2743 perri

137 2746 260 2813 consilii
284 2765 341 2812 nec
365 2748 402 2812 ad
420 2751 522 2832 partes
546 2746 686 2812 Marchie
710 2748 868 2830 usquead
892 2747 974 2812 diem
999 2747 1084 2813 Lune
1107 2747 1290 2831 proximam.
1318 2748 1408 2826 Cept.
1432 2767 1494 2826 per

138 2854 251 2898 elaeae

224 2920 263 2986 In
296 2921 445 2986 minori
477 2920 657 2987 consilio
687 2940 762 2986 sono
795 2926 849 2986 cto.
879 2927 1067 3005 congregato
1098 2918 1223 3004 captum
1254 2920 1327 2986 luit:
1361 2919 1494 3004 quilibet

139 3010 257 3074 debens
280 3009 398 3077 solvere
420 3010 459 3076 de
480 3010 636 3075 frumento
660 3009 800 3075 comunis
824 3009 934 3075 debeat
958 3008 1086 3075 solvisse
1111 3010 1262 3092 usquead
1287 3009 1370 3074 diem
1393 3007 1493 3073 domi·

140 3098 243 3163 nicam
268 3097 441 3180 proximem
466 3104 563 3162 totum
588 3100 672 3182 quod
695 3096 811 3163 solvere
835 3097 927 3162 debet
943 3117 997 3180 pro
1022 3096 1105 3162 dioto
1129 3094 1286 3163 frumento
1309 3116 1365 3181 pro
1383 3094 1493 3160 ultirno

21 3242 25 3249 .
141 3184 273 3250 termino
298 3185 356 3250 sub
381 3205 459 3269 pena
484 3211 493 3251 1
516 3206 598 3270 gros.
623 3206 678 3269 pro
702 3184 806 3250 sterio.

228 3271 307 3338 Item
332 3282 459 3357 captum
483 3273 550 3349 fuir,
576 3275 658 3357 quod
682 3271 787 3337 nullus
810 3272 959 3355 (audeat)
987 3290 1099 3355 capere
1123 3271 1252 3357 gripnas
1275 3290 1332 3335 nec
1365 3242 1498 3337 rendere

141 3380 198 3426 nec
231 3359 361 3426 iaboche
390 3361 550 3444 usquead
581 3368 723 3426 senctum
747 3360 862 3424 Vidum
888 3359 1072 3443 proximum,
1106 3359 1162 3425 sub
1186 3379 1266 3443 pena
1297 3377 1495 3443 perperorum

141 3473 160 3514 v
185 3467 239 3531 pro
263 3446 402 3530 quolibet
426 3455 457 3514 et
480 3448 617 3532 quelibet
641 3448 715 3514 vice.

231 3638 290 3703 Due
312 3661 356 3704 xv
378 3664 475 3704 xxnn.
514 3638 551 3703 ln
575 3640 724 3704 maiori
750 3639 932 3704 consilio
956 3638 1029 3702 boll.
1054 3663 1136 3703 111111.
1162 3638 1271 3703 Prima
1295 3658 1366 3722 pers
1389 3645 1436 3706 est
1459 3641 1497 3706 de

143 3726 246 3791 dando
270 3725 433 3791 arbitrium
458 3728 584 3793 domino
608 3727 720 3793 rectori
736 3734 767 3792 et
791 3747 884 3811 parvo
909 3726 1038 3791 consilio
1062 3726 1219 3792 dedendo
1243 3724 1331 3789 illum
1357 3728 1496 3792 ordinem

142 3813 335 3889 atmodum,
360 3817 412 3897 qni
437 3814 593 3881 ridebitur
615 3815 670 3892 eis,
704 3815 786 3899 ‹puod
810 3814 922 3898 aliquis
949 3816 987 3879 do
1012 3814 1146 3900 Ragusio
1171 3814 1217 3879 vel
1241 3814 1307 3895 ejus
1336 3815 1498 3881 districtus

144 3922 206 3967 non
230 3902 341 3967 audeat
374 3903 417 3968 ire
440 3904 478 3967 ad
502 3912 606 3987 partes
630 3901 751 3987 Apulee
779 3922 835 3968 nec
859 3901 999 3967 Marchie
1023 3903 1162 3972 Ancone.
1196 3902 1276 3966 sicut
1299 3902 1399 3985 majus
1423 3921 1496 3968 oon-

143 3990 247 4054 silinm
282 3988 381 4055 lacere
412 3997 527 4075 posset.
562 3989 603 4056 Et
633 3992 715 4073 quod
746 3990 799 4054 illc
831 3991 869 4054 do
901 3989 1040 4073 partibus
1071 3990 1144 4067 illis,
1176 4009 1235 4073 quc
1267 3998 1340 4053 sunt
1373 3989 1497 4075 iniecta,

144 4077 249 4143 venire
273 4097 336 4141 non
361 4078 481 4161 possint
504 4077 675 4163 Ragusium
699 4097 755 4142 noc
780 4077 818 4140 ad
842 4077 908 4160 ejus
932 4078 1117 4142 districtum.
1146 4076 1239 4159 Oept.
1259 4097 1320 4158 per
1342 4103 1405 4142 err.

234 4165 339 4229 Prima
363 4173 503 4248 pareest
535 4168 573 4231 de
598 4166 699 4229 dando
723 4165 884 4228 arbitrium
916 4165 1043 4229 domino
1067 4165 1178 4231 rectori
1202 4170 1233 4231 et
1255 4184 1379 4248 parvo
1410 4183 1498 4230 con·

144 4252 246 4317 silio
280 4273 369 4337 posse
394 4252 532 4339 obligare
565 4271 696 4318 comune
727 4251 881 4316 tutoribus
911 4251 976 4319 filie
1000 4253 1108 4317 Andre
1132 4252 1293 4316 Lauroncii
1317 4253 1364 4333 ,de
1388 4252 1499 4332 Menoe

144 4360 201 4425 pro
226 4340 326 4423 prima
350 4350 435 4405 carta
461 4361 554 4426 quam
578 4340 713 4406 habebat
736 4339 794 4403 sibi
819 4359 951 4404 comune
974 4348 1004 4406 et
1027 4340 1066 4406 de
1089 4339 1228 4423 perperis
1244 4364 1317 4424 nex,
1341 4344 1373 4406 et
1397 4339 1500 4405 iacere

144 4429 183 4494 de
208 4427 275 4492 istis
300 4454 320 4492 11
344 4449 437 4513 supra
461 4455 471 4493 1
495 4430 596 4493 dando
620 4429 665 4494 eis
688 4453 707 4494 v
731 4447 785 4511 pro
808 4451 834 4492 c.
862 4426 955 4508 Oopt.
975 4447 1034 4512 per
1057 4450 1143 4490 xxm,

147 4573 280 4580 -—.—--
300 4574 306 4579 .

193 4658 203 4696 ¹
226 4660 353 4739 Margini
375 4662 516 4741 adseript.
