<?xml version="1.0" encoding="UTF-8"?>
<!DOCTYPE html PUBLIC "-//W3C//DTD XHTML 1.0 Transitional//EN"
    "http://www.w3.org/TR/xhtml1/DTD/xhtml1-transitional.dtd">
<html xmlns="http://www.w3.org/1999/xhtml" xml:lang="en" lang="en">
 <head>
  <title>
</title>
<meta http-equiv="Content-Type" content="text/html;charset=utf-8" />
  <meta name='ocr-system' content='tesseract 3.04.00' />
  <meta name='ocr-capabilities' content='ocr_page ocr_carea ocr_par ocr_line ocrx_word'/>
</head>
<body>
  <div class='ocr_page' id='page_1' title='image "./monumentaspecta09unkngoog/monumentaspecta09unkngoog_0259.png"; bbox 0 0 3224 5108; ppageno 0'>
   <div class='ocr_carea' id='block_1_1' title="bbox 127 253 884 318">
    <p class='ocr_par' dir='ltr' id='par_1_1' title="bbox 127 253 884 318">
     <span class='ocr_line' id='line_1_1' title="bbox 127 253 884 318; baseline -0.009 -2"><span class='ocrx_word' id='word_1_1' title='bbox 127 253 191 317; x_wconf 76' lang='lat'><strong>248</strong></span> <span class='ocrx_word' id='word_1_2' title='bbox 728 257 764 317; x_wconf 84' lang='grc' dir='ltr'><strong>Δ.</strong></span> <span class='ocrx_word' id='word_1_3' title='bbox 791 258 884 318; x_wconf 77' lang='grc'><strong>1363,</strong></span> 
     </span>
    </p>
   </div>
   <div class='ocr_carea' id='block_1_2' title="bbox 127 442 1485 615">
    <p class='ocr_par' dir='ltr' id='par_1_2' title="bbox 127 442 1485 615">
     <span class='ocr_line' id='line_1_2' title="bbox 127 442 1485 530; baseline 0 -22"><span class='ocrx_word' id='word_1_4' title='bbox 127 443 265 509; x_wconf 79' lang='lat' dir='ltr'><strong>deratios</strong></span> <span class='ocrx_word' id='word_1_5' title='bbox 289 442 321 507; x_wconf 92' lang='lat' dir='ltr'><strong>in</strong></span> <span class='ocrx_word' id='word_1_6' title='bbox 346 442 481 527; x_wconf 80' lang='lat' dir='ltr'><strong>Ragusio</strong></span> <span class='ocrx_word' id='word_1_7' title='bbox 503 465 558 528; x_wconf 87' lang='lat' dir='ltr'><strong>per</strong></span> <span class='ocrx_word' id='word_1_8' title='bbox 574 443 661 508; x_wconf 84' lang='lat' dir='ltr'><strong>illum</strong></span> <span class='ocrx_word' id='word_1_9' title='bbox 685 445 814 510; x_wconf 85' lang='lat' dir='ltr'><strong>modum</strong></span> <span class='ocrx_word' id='word_1_10' title='bbox 836 445 890 530; x_wconf 85' lang='lat' dir='ltr'><strong>qni</strong></span> <span class='ocrx_word' id='word_1_11' title='bbox 908 443 1062 510; x_wconf 81' lang='lat' dir='ltr'><strong>ridebitur</strong></span> <span class='ocrx_word' id='word_1_12' title='bbox 1083 443 1129 509; x_wconf 88' lang='lat' dir='ltr'><strong>eis</strong></span> <span class='ocrx_word' id='word_1_13' title='bbox 1153 462 1190 509; x_wconf 85' lang='lat' dir='ltr'><strong>ae</strong></span> <span class='ocrx_word' id='word_1_14' title='bbox 1211 442 1310 508; x_wconf 81' lang='lat' dir='ltr'><strong>seiam</strong></span> <span class='ocrx_word' id='word_1_15' title='bbox 1336 448 1485 508; x_wconf 82' lang='lat' dir='ltr'><strong>mutuare</strong></span> 
     </span>
     <span class='ocr_line' id='line_1_3' title="bbox 128 529 706 615; baseline 0 -19"><span class='ocrx_word' id='word_1_16' title='bbox 128 531 173 597; x_wconf 89' lang='lat' dir='ltr'><strong>eis</strong></span> <span class='ocrx_word' id='word_1_17' title='bbox 198 530 370 615; x_wconf 78' lang='lat' dir='ltr'><strong>pecuniam.</strong></span> <span class='ocrx_word' id='word_1_18' title='bbox 399 529 488 615; x_wconf 76' lang='lat' dir='ltr'><strong>Cape.</strong></span> <span class='ocrx_word' id='word_1_19' title='bbox 509 553 570 612; x_wconf 83' lang='lat' dir='ltr'><strong>per</strong></span> <span class='ocrx_word' id='word_1_20' title='bbox 591 553 706 597; x_wconf 77' lang='lat' dir='ltr'><strong>omnes.</strong></span> 
     </span>
    </p>
   </div>
   <div class='ocr_carea' id='block_1_3' title="bbox 129 722 1490 1137">
    <p class='ocr_par' dir='ltr' id='par_1_3' title="bbox 129 722 1490 1137">
     <span class='ocr_line' id='line_1_4' title="bbox 215 722 1489 807; baseline 0 -21"><span class='ocrx_word' id='word_1_21' title='bbox 215 722 277 787; x_wconf 80' lang='lat' dir='ltr'><strong>Dm</strong></span> <span class='ocrx_word' id='word_1_22' title='bbox 306 747 400 789; x_wconf 73' lang='lat' dir='ltr'><strong>raino</strong></span> <span class='ocrx_word' id='word_1_23' title='bbox 431 747 602 789; x_wconf 73' lang='lat' dir='ltr'><strong>amasiam</strong></span> <span class='ocrx_word' id='word_1_24' title='bbox 639 723 674 788; x_wconf 92' lang='lat' dir='ltr'><strong>In</strong></span> <span class='ocrx_word' id='word_1_25' title='bbox 710 725 856 788; x_wconf 90' lang='lat' dir='ltr'><strong>minori</strong></span> <span class='ocrx_word' id='word_1_26' title='bbox 888 723 1070 789; x_wconf 85' lang='lat' dir='ltr'><strong>oonsilio</strong></span> <span class='ocrx_word' id='word_1_27' title='bbox 1099 742 1177 788; x_wconf 88' lang='lat' dir='ltr'><strong>sono</strong></span> <span class='ocrx_word' id='word_1_28' title='bbox 1207 726 1262 787; x_wconf 69' lang='lat' dir='ltr'><strong>eie.</strong></span> <span class='ocrx_word' id='word_1_29' title='bbox 1290 725 1489 807; x_wconf 76' lang='lat' dir='ltr'><strong>congregato</strong></span> 
     </span>
     <span class='ocr_line' id='line_1_5' title="bbox 130 807 1490 895; baseline 0.001 -22"><span class='ocrx_word' id='word_1_30' title='bbox 130 810 289 895; x_wconf 80' lang='lat' dir='ltr'><strong>magistris</strong></span> <span class='ocrx_word' id='word_1_31' title='bbox 313 811 492 876; x_wconf 84' lang='lat' dir='ltr'><strong>ealderariis</strong></span> <span class='ocrx_word' id='word_1_32' title='bbox 515 812 554 876; x_wconf 89' lang='lat' dir='ltr'><strong>de</strong></span> <span class='ocrx_word' id='word_1_33' title='bbox 578 811 730 895; x_wconf 66' lang='lat' dir='ltr'><strong>zippulas,</strong></span> <span class='ocrx_word' id='word_1_34' title='bbox 764 832 801 877; x_wconf 83' lang='lat' dir='ltr'><strong>ex</strong></span> <span class='ocrx_word' id='word_1_35' title='bbox 824 813 1007 877; x_wconf 72' lang='lat' dir='ltr'><strong>anctoritate</strong></span> <span class='ocrx_word' id='word_1_36' title='bbox 1035 811 1161 875; x_wconf 82' lang='lat' dir='ltr'><strong>maioris</strong></span> <span class='ocrx_word' id='word_1_37' title='bbox 1183 809 1304 874; x_wconf 73' lang='lat' dir='ltr'><strong>consilii</strong></span> <span class='ocrx_word' id='word_1_38' title='bbox 1327 810 1401 873; x_wconf 78' lang='lat' dir='ltr'><strong>dala</strong></span> <span class='ocrx_word' id='word_1_39' title='bbox 1424 807 1490 875; x_wconf 79' lang='lat' dir='ltr'><strong>suit</strong></span> 
     </span>
     <span class='ocr_line' id='line_1_6' title="bbox 130 895 1490 982; baseline 0 -20"><span class='ocrx_word' id='word_1_40' title='bbox 130 898 175 962; x_wconf 86' lang='lat' dir='ltr'><strong>eis</strong></span> <span class='ocrx_word' id='word_1_41' title='bbox 205 898 316 963; x_wconf 87' lang='lat' dir='ltr'><strong>domus</strong></span> <span class='ocrx_word' id='word_1_42' title='bbox 339 898 451 963; x_wconf 79' lang='lat' dir='ltr'><strong>Moreti</strong></span> <span class='ocrx_word' id='word_1_43' title='bbox 475 905 505 963; x_wconf 79' lang='lat' dir='ltr'><strong>et</strong></span> <span class='ocrx_word' id='word_1_44' title='bbox 534 896 594 962; x_wconf 88' lang='lat' dir='ltr'><strong>alia</strong></span> <span class='ocrx_word' id='word_1_45' title='bbox 618 899 804 964; x_wconf 76' lang='lat' dir='ltr'><strong>ferramenta</strong></span> <span class='ocrx_word' id='word_1_46' title='bbox 827 919 888 982; x_wconf 82' lang='lat' dir='ltr'><strong>qus</strong></span> <span class='ocrx_word' id='word_1_47' title='bbox 911 898 1089 964; x_wconf 86' lang='lat' dir='ltr'><strong>habuerunt</strong></span> <span class='ocrx_word' id='word_1_48' title='bbox 1112 898 1208 981; x_wconf 87' lang='lat' dir='ltr'><strong>prins,</strong></span> <span class='ocrx_word' id='word_1_49' title='bbox 1231 917 1302 963; x_wconf 89' lang='lat' dir='ltr'><strong>oum</strong></span> <span class='ocrx_word' id='word_1_50' title='bbox 1326 895 1387 961; x_wconf 83' lang='lat' dir='ltr'><strong>hoo</strong></span> <span class='ocrx_word' id='word_1_51' title='bbox 1409 916 1490 962; x_wconf 84' lang='lat' dir='ltr'><strong>oon·</strong></span> 
     </span>
     <span class='ocr_line' id='line_1_7' title="bbox 130 985 1490 1071; baseline 0 -22"><span class='ocrx_word' id='word_1_52' title='bbox 130 985 277 1069; x_wconf 77' lang='lat' dir='ltr'>dictione,</span> <span class='ocrx_word' id='word_1_53' title='bbox 301 987 385 1068; x_wconf 84' lang='lat' dir='ltr'><strong>quod</strong></span> <span class='ocrx_word' id='word_1_54' title='bbox 402 986 461 1069; x_wconf 86' lang='lat' dir='ltr'><strong>ipsi</strong></span> <span class='ocrx_word' id='word_1_55' title='bbox 479 991 643 1052; x_wconf 82' lang='lat' dir='ltr'><strong>teneantur</strong></span> <span class='ocrx_word' id='word_1_56' title='bbox 658 994 741 1052; x_wconf 77' lang='lat' dir='ltr'><strong>stare</strong></span> <span class='ocrx_word' id='word_1_57' title='bbox 755 1011 767 1050; x_wconf 92' lang='lat' dir='ltr'><strong>r</strong></span> <span class='ocrx_word' id='word_1_58' title='bbox 783 1007 864 1051; x_wconf 87' lang='lat' dir='ltr'><strong>anno</strong></span> <span class='ocrx_word' id='word_1_59' title='bbox 888 988 920 1050; x_wconf 91' lang='lat' dir='ltr'><strong>in</strong></span> <span class='ocrx_word' id='word_1_60' title='bbox 936 987 1082 1071; x_wconf 78' lang='lat' dir='ltr'><strong>Bogusio</strong></span> <span class='ocrx_word' id='word_1_61' title='bbox 1106 986 1146 1050; x_wconf 84' lang='lat' dir='ltr'><strong>ad</strong></span> <span class='ocrx_word' id='word_1_62' title='bbox 1161 985 1367 1052; x_wconf 84' lang='lat' dir='ltr'><strong>exeroendnm</strong></span> <span class='ocrx_word' id='word_1_63' title='bbox 1383 989 1490 1051; x_wconf 77' lang='lat' dir='ltr'><strong>artem</strong></span> 
     </span>
     <span class='ocr_line' id='line_1_8' title="bbox 129 1092 227 1137; baseline 0 0"><span class='ocrx_word' id='word_1_64' title='bbox 129 1092 227 1137; x_wconf 86' lang='lat' dir='ltr'><strong>suam.</strong></span> 
     </span>
    </p>
   </div>
   <div class='ocr_carea' id='block_1_4' title="bbox 130 1262 1491 1505">
    <p class='ocr_par' dir='ltr' id='par_1_4' title="bbox 130 1262 1491 1505">
     <span class='ocr_line' id='line_1_9' title="bbox 218 1262 1491 1350; baseline 0 -22"><span class='ocrx_word' id='word_1_65' title='bbox 218 1264 279 1329; x_wconf 84' lang='lat' dir='ltr'><strong>Dm</strong></span> <span class='ocrx_word' id='word_1_66' title='bbox 302 1289 338 1328; x_wconf 89' lang='lat' dir='ltr'><strong>nr</strong></span> <span class='ocrx_word' id='word_1_67' title='bbox 361 1288 534 1330; x_wconf 77' lang='lat' dir='ltr'><strong>rmaunnn.</strong></span> <span class='ocrx_word' id='word_1_68' title='bbox 565 1264 602 1329; x_wconf 92' lang='lat' dir='ltr'><strong>In</strong></span> <span class='ocrx_word' id='word_1_69' title='bbox 627 1265 776 1329; x_wconf 91' lang='lat' dir='ltr'><strong>minori</strong></span> <span class='ocrx_word' id='word_1_70' title='bbox 801 1266 985 1330; x_wconf 79' lang='lat' dir='ltr'><strong>oonsilio</strong></span> <span class='ocrx_word' id='word_1_71' title='bbox 1007 1286 1084 1330; x_wconf 84' lang='lat' dir='ltr'><strong>sono</strong></span> <span class='ocrx_word' id='word_1_72' title='bbox 1107 1284 1257 1350; x_wconf 76' lang='lat' dir='ltr'><strong>campane</strong></span> <span class='ocrx_word' id='word_1_73' title='bbox 1279 1283 1365 1329; x_wconf 89' lang='lat' dir='ltr'><strong>more</strong></span> <span class='ocrx_word' id='word_1_74' title='bbox 1390 1262 1491 1328; x_wconf 82' lang='lat' dir='ltr'><strong>solito</strong></span> 
     </span>
     <span class='ocr_line' id='line_1_10' title="bbox 130 1350 1491 1505; baseline 0.001 -90"><span class='ocrx_word' id='word_1_75' title='bbox 130 1358 320 1503; x_wconf 57' lang='lat' dir='ltr'><strong>piongregato</strong></span> <span class='ocrx_word' id='word_1_76' title='bbox 344 1352 504 1505; x_wconf 63' lang='lat' dir='ltr'><strong>tpbapptres</strong></span> <span class='ocrx_word' id='word_1_77' title='bbox 526 1353 665 1418; x_wconf 80' lang='lat' dir='ltr'>concessi</span> <span class='ocrx_word' id='word_1_78' title='bbox 683 1353 808 1419; x_wconf 84' lang='lat' dir='ltr'><strong>suerum</strong></span> <span class='ocrx_word' id='word_1_79' title='bbox 828 1354 935 1418; x_wconf 88' lang='lat' dir='ltr'><strong>eomiti</strong></span> <span class='ocrx_word' id='word_1_80' title='bbox 952 1354 1116 1438; x_wconf 65' lang='lat' dir='ltr'><strong>Vopsiaro,</strong></span> <span class='ocrx_word' id='word_1_81' title='bbox 1139 1353 1165 1418; x_wconf 89' lang='lat' dir='ltr'><strong>si</strong></span> <span class='ocrx_word' id='word_1_82' title='bbox 1181 1352 1240 1436; x_wconf 87' lang='lat' dir='ltr'><strong>ipsi</strong></span> <span class='ocrx_word' id='word_1_83' title='bbox 1264 1352 1309 1418; x_wconf 88' lang='lat' dir='ltr'><strong>ire</strong></span> <span class='ocrx_word' id='word_1_84' title='bbox 1329 1350 1491 1417; x_wconf 80' lang='lat' dir='ltr'><strong>voluerint</strong></span> 
     </span>
     <span class='ocr_line' id='line_1_11' title="bbox 152 1459 490 1505; baseline 0 0"><span class='ocrx_word' id='word_1_85' title='bbox 152 1460 170 1505; x_wconf 89' lang='lat' dir='ltr'><strong>e</strong></span> <span class='ocrx_word' id='word_1_86' title='bbox 192 1459 299 1504; x_wconf 89' lang='lat' dir='ltr'><strong>eornm</strong></span> <span class='ocrx_word' id='word_1_87' title='bbox 323 1459 360 1503; x_wconf 78' lang='lat' dir='ltr'><strong>ro</strong></span> <span class='ocrx_word' id='word_1_88' title='bbox 375 1460 415 1505; x_wconf 92' lang='lat' dir='ltr'><strong>un</strong></span> <span class='ocrx_word' id='word_1_89' title='bbox 464 1460 490 1505; x_wconf 91' lang='lat' dir='ltr'><strong>e.</strong></span> 
     </span>
    </p>
   </div>
   <div class='ocr_carea' id='block_1_5' title="bbox 129 1630 1492 2148">
    <p class='ocr_par' dir='ltr' id='par_1_5' title="bbox 129 1630 1492 2148">
     <span class='ocr_line' id='line_1_12' title="bbox 221 1630 1491 1713; baseline -0.001 -18"><span class='ocrx_word' id='word_1_90' title='bbox 221 1631 282 1696; x_wconf 72' lang='lat' dir='ltr'><strong>Dru</strong></span> <span class='ocrx_word' id='word_1_91' title='bbox 303 1655 323 1695; x_wconf 83' lang='lat' dir='ltr'>v</span> <span class='ocrx_word' id='word_1_92' title='bbox 339 1654 509 1696; x_wconf 76' lang='lat' dir='ltr'><strong>mannaan.</strong></span> <span class='ocrx_word' id='word_1_93' title='bbox 533 1630 570 1696; x_wconf 88' lang='lat' dir='ltr'><strong>ln</strong></span> <span class='ocrx_word' id='word_1_94' title='bbox 593 1632 779 1697; x_wconf 83' lang='lat' dir='ltr'><strong>oonsilio</strong></span> <span class='ocrx_word' id='word_1_95' title='bbox 804 1633 949 1697; x_wconf 85' lang='lat' dir='ltr'><strong>maiori</strong></span> <span class='ocrx_word' id='word_1_96' title='bbox 973 1631 1047 1696; x_wconf 82' lang='lat' dir='ltr'><em>boll.</em></span> <span class='ocrx_word' id='word_1_97' title='bbox 1071 1655 1178 1696; x_wconf 79' lang='lat' dir='ltr'><strong>nxxnn</strong></span> <span class='ocrx_word' id='word_1_98' title='bbox 1211 1630 1317 1696; x_wconf 82' lang='lat' dir='ltr'><strong>Prima</strong></span> <span class='ocrx_word' id='word_1_99' title='bbox 1340 1649 1413 1713; x_wconf 83' lang='lat' dir='ltr'><strong>pars</strong></span> <span class='ocrx_word' id='word_1_100' title='bbox 1435 1635 1491 1696; x_wconf 79' lang='lat' dir='ltr'><strong>est</strong></span> 
     </span>
     <span class='ocr_line' id='line_1_13' title="bbox 131 1717 1491 1804; baseline -0.001 -20"><span class='ocrx_word' id='word_1_101' title='bbox 131 1720 171 1784; x_wconf 84' lang='lat' dir='ltr'><strong>ds</strong></span> <span class='ocrx_word' id='word_1_102' title='bbox 194 1718 363 1804; x_wconf 81' lang='lat' dir='ltr'><strong>obligando</strong></span> <span class='ocrx_word' id='word_1_103' title='bbox 386 1719 492 1783; x_wconf 87' lang='lat' dir='ltr'><strong>donari</strong></span> <span class='ocrx_word' id='word_1_104' title='bbox 516 1719 590 1783; x_wconf 85' lang='lat' dir='ltr'><strong>saiis</strong></span> <span class='ocrx_word' id='word_1_105' title='bbox 606 1721 748 1787; x_wconf 79' lang='lat' dir='ltr'><strong>comunis</strong></span> <span class='ocrx_word' id='word_1_106' title='bbox 771 1741 827 1803; x_wconf 87' lang='lat' dir='ltr'><strong>pro</strong></span> <span class='ocrx_word' id='word_1_107' title='bbox 849 1720 985 1786; x_wconf 81' lang='lat' dir='ltr'><strong>denariis</strong></span> <span class='ocrx_word' id='word_1_108' title='bbox 1009 1739 1087 1803; x_wconf 89' lang='lat' dir='ltr'><strong>quos</strong></span> <span class='ocrx_word' id='word_1_109' title='bbox 1112 1719 1225 1785; x_wconf 84' lang='lat' dir='ltr'><strong>habere</strong></span> <span class='ocrx_word' id='word_1_110' title='bbox 1241 1718 1333 1783; x_wconf 78' lang='lat' dir='ltr'><strong>debet</strong></span> <span class='ocrx_word' id='word_1_111' title='bbox 1354 1717 1491 1782; x_wconf 87' lang='lat' dir='ltr'><strong>domina</strong></span> 
     </span>
     <span class='ocr_line' id='line_1_14' title="bbox 132 1803 1491 1893; baseline -0.001 -22"><span class='ocrx_word' id='word_1_112' title='bbox 132 1805 210 1884; x_wconf 87' lang='lat' dir='ltr'><strong>Jele,</strong></span> <span class='ocrx_word' id='word_1_113' title='bbox 235 1827 312 1871; x_wconf 83' lang='lat' dir='ltr'><strong>uxor</strong></span> <span class='ocrx_word' id='word_1_114' title='bbox 334 1805 453 1870; x_wconf 91' lang='lat' dir='ltr'><strong>domini</strong></span> <span class='ocrx_word' id='word_1_115' title='bbox 477 1806 637 1872; x_wconf 86' lang='lat' dir='ltr'><strong>Franeisoi</strong></span> <span class='ocrx_word' id='word_1_116' title='bbox 661 1809 699 1873; x_wconf 89' lang='lat' dir='ltr'><strong>de</strong></span> <span class='ocrx_word' id='word_1_117' title='bbox 723 1808 868 1893; x_wconf 62' lang='lat' dir='ltr'><strong>Georgia</strong></span> <span class='ocrx_word' id='word_1_118' title='bbox 900 1820 970 1893; x_wconf 86' lang='lat' dir='ltr'><strong>post</strong></span> <span class='ocrx_word' id='word_1_119' title='bbox 993 1806 1063 1872; x_wconf 87' lang='lat' dir='ltr'><strong>iilos</strong></span> <span class='ocrx_word' id='word_1_120' title='bbox 1086 1808 1140 1890; x_wconf 86' lang='lat' dir='ltr'><strong>qui</strong></span> <span class='ocrx_word' id='word_1_121' title='bbox 1163 1806 1269 1890; x_wconf 80' lang='lat' dir='ltr'><strong>scripti</strong></span> <span class='ocrx_word' id='word_1_122' title='bbox 1293 1804 1407 1871; x_wconf 85' lang='lat' dir='ltr'><strong>debore</strong></span> <span class='ocrx_word' id='word_1_123' title='bbox 1431 1803 1491 1870; x_wconf 80' lang='lat' dir='ltr'><strong>ha·</strong></span> 
     </span>
     <span class='ocr_line' id='line_1_15' title="bbox 135 1891 1492 1977; baseline -0.001 -20"><span class='ocrx_word' id='word_1_124' title='bbox 135 1894 217 1970; x_wconf 85' lang='lat' dir='ltr'><strong>bere,</strong></span> <span class='ocrx_word' id='word_1_125' title='bbox 245 1894 383 1977; x_wconf 84' lang='lat' dir='ltr'><strong>exeeptis</strong></span> <span class='ocrx_word' id='word_1_126' title='bbox 407 1895 586 1960; x_wconf 77' lang='lat' dir='ltr'><strong>tesserariis</strong></span> <span class='ocrx_word' id='word_1_127' title='bbox 617 1902 723 1960; x_wconf 82' lang='lat' dir='ltr'><strong>saneto</strong></span> <span class='ocrx_word' id='word_1_128' title='bbox 746 1895 845 1961; x_wconf 82' lang='lat' dir='ltr'><strong>Mario</strong></span> <span class='ocrx_word' id='word_1_129' title='bbox 875 1906 906 1961; x_wconf 86' lang='lat' dir='ltr'><strong>et</strong></span> <span class='ocrx_word' id='word_1_130' title='bbox 930 1896 1078 1959; x_wconf 85' lang='lat' dir='ltr'><strong>massaria</strong></span> <span class='ocrx_word' id='word_1_131' title='bbox 1101 1895 1243 1959; x_wconf 88' lang='lat' dir='ltr'><strong>eomunis</strong></span> <span class='ocrx_word' id='word_1_132' title='bbox 1274 1893 1327 1976; x_wconf 88' lang='lat' dir='ltr'><strong>qui</strong></span> <span class='ocrx_word' id='word_1_133' title='bbox 1350 1891 1492 1958; x_wconf 83' lang='lat' dir='ltr'><strong>debeant</strong></span> 
     </span>
     <span class='ocr_line' id='line_1_16' title="bbox 134 1978 1490 2067; baseline 0 -22"><span class='ocrx_word' id='word_1_134' title='bbox 134 1981 250 2047; x_wconf 85' lang='lat' dir='ltr'><strong>sociare</strong></span> <span class='ocrx_word' id='word_1_135' title='bbox 274 1992 305 2047; x_wconf 87' lang='lat' dir='ltr'><strong>et</strong></span> <span class='ocrx_word' id='word_1_136' title='bbox 328 1981 442 2047; x_wconf 87' lang='lat' dir='ltr'><strong>habore</strong></span> <span class='ocrx_word' id='word_1_137' title='bbox 474 1981 540 2045; x_wconf 87' lang='lat' dir='ltr'><strong>eins</strong></span> <span class='ocrx_word' id='word_1_138' title='bbox 572 1982 762 2048; x_wconf 79' lang='lat' dir='ltr'><strong>solucionem</strong></span> <span class='ocrx_word' id='word_1_139' title='bbox 793 1990 864 2067; x_wconf 75' lang='lat' dir='ltr'><strong>post</strong></span> <span class='ocrx_word' id='word_1_140' title='bbox 894 1984 993 2067; x_wconf 80' lang='lat' dir='ltr'><strong>ipsam</strong></span> <span class='ocrx_word' id='word_1_141' title='bbox 1024 1983 1184 2046; x_wconf 89' lang='lat' dir='ltr'><strong>dominam</strong></span> <span class='ocrx_word' id='word_1_142' title='bbox 1207 1980 1285 2046; x_wconf 84' lang='lat' dir='ltr'><strong>Jele.</strong></span> <span class='ocrx_word' id='word_1_143' title='bbox 1317 2016 1360 2026; x_wconf 91' lang='lat'>—</span> <span class='ocrx_word' id='word_1_144' title='bbox 1391 1978 1490 2061; x_wconf 72' lang='lat' dir='ltr'><strong>Capi,</strong></span> 
     </span>
     <span class='ocr_line' id='line_1_17' title="bbox 129 2089 320 2148; baseline 0 -16"><span class='ocrx_word' id='word_1_145' title='bbox 129 2089 189 2148; x_wconf 84' lang='lat' dir='ltr'><strong>per</strong></span> <span class='ocrx_word' id='word_1_146' title='bbox 211 2094 320 2134; x_wconf 75' lang='lat' dir='ltr'><strong>nxxnr.</strong></span> 
     </span>
    </p>
   </div>
   <div class='ocr_carea' id='block_1_6' title="bbox 138 2171 1491 2347">
    <p class='ocr_par' dir='ltr' id='par_1_6' title="bbox 138 2171 1491 2347">
     <span class='ocr_line' id='line_1_18' title="bbox 220 2171 1491 2261; baseline -0.001 -22"><span class='ocrx_word' id='word_1_147' title='bbox 220 2173 327 2239; x_wconf 86' lang='lat' dir='ltr'><strong>Prima</strong></span> <span class='ocrx_word' id='word_1_148' title='bbox 360 2194 431 2257; x_wconf 87' lang='lat' dir='ltr'><strong>pars</strong></span> <span class='ocrx_word' id='word_1_149' title='bbox 461 2180 510 2240; x_wconf 76' lang='lat' dir='ltr'><strong>est</strong></span> <span class='ocrx_word' id='word_1_150' title='bbox 533 2174 571 2240; x_wconf 91' lang='lat' dir='ltr'><strong>de</strong></span> <span class='ocrx_word' id='word_1_151' title='bbox 598 2174 740 2240; x_wconf 79' lang='lat' dir='ltr'><strong>faciendo</strong></span> <span class='ocrx_word' id='word_1_152' title='bbox 769 2177 907 2261; x_wconf 79' lang='lat' dir='ltr'><strong>graciam</strong></span> <span class='ocrx_word' id='word_1_153' title='bbox 931 2176 1073 2241; x_wconf 84' lang='lat' dir='ltr'><strong>Tnodoro</strong></span> <span class='ocrx_word' id='word_1_154' title='bbox 1104 2173 1288 2241; x_wconf 80' lang='lat' dir='ltr'><strong>cancellario</strong></span> <span class='ocrx_word' id='word_1_155' title='bbox 1319 2191 1410 2257; x_wconf 86' lang='lat' dir='ltr'><strong>posse</strong></span> <span class='ocrx_word' id='word_1_156' title='bbox 1442 2171 1491 2238; x_wconf 89' lang='lat' dir='ltr'><strong>iro</strong></span> 
     </span>
     <span class='ocr_line' id='line_1_19' title="bbox 138 2262 1411 2347; baseline -0.002 -22"><span class='ocrx_word' id='word_1_157' title='bbox 138 2262 348 2326; x_wconf 87' lang='lat' dir='ltr'><strong>Brandosiem</strong></span> <span class='ocrx_word' id='word_1_158' title='bbox 372 2281 428 2345; x_wconf 87' lang='lat' dir='ltr'><strong>pro</strong></span> <span class='ocrx_word' id='word_1_159' title='bbox 452 2287 462 2325; x_wconf 94' lang='lat'>1</span> <span class='ocrx_word' id='word_1_160' title='bbox 486 2281 602 2339; x_wconf 90' lang='lat' dir='ltr'><strong>mense,</strong></span> <span class='ocrx_word' id='word_1_161' title='bbox 627 2282 749 2347; x_wconf 81' lang='lat' dir='ltr'><strong>semper</strong></span> <span class='ocrx_word' id='word_1_162' title='bbox 771 2263 920 2329; x_wconf 85' lang='lat' dir='ltr'><strong>lucrando</strong></span> <span class='ocrx_word' id='word_1_163' title='bbox 943 2264 1077 2328; x_wconf 86' lang='lat' dir='ltr'><strong>soldnm.</strong></span> <span class='ocrx_word' id='word_1_164' title='bbox 1105 2263 1195 2344; x_wconf 71' lang='lat' dir='ltr'><strong>Capi.</strong></span> <span class='ocrx_word' id='word_1_165' title='bbox 1217 2282 1275 2346; x_wconf 88' lang='lat' dir='ltr'><strong>per</strong></span> <span class='ocrx_word' id='word_1_166' title='bbox 1296 2278 1411 2325; x_wconf 76' lang='lat' dir='ltr'><strong>omnes.</strong></span> 
     </span>
    </p>
   </div>
   <div class='ocr_carea' id='block_1_7' title="bbox 222 2469 1491 2552">
    <p class='ocr_par' dir='ltr' id='par_1_7' title="bbox 222 2469 1491 2552">
     <span class='ocr_line' id='line_1_20' title="bbox 222 2469 1491 2552; baseline -0.002 -16"><span class='ocrx_word' id='word_1_167' title='bbox 222 2472 283 2536; x_wconf 73' lang='lat' dir='ltr'><strong>Dru</strong></span> <span class='ocrx_word' id='word_1_168' title='bbox 306 2494 370 2536; x_wconf 82' lang='lat' dir='ltr'><strong>vnn</strong></span> <span class='ocrx_word' id='word_1_169' title='bbox 392 2494 566 2536; x_wconf 74' lang='lat' dir='ltr'><strong>srnnonnrr.</strong></span> <span class='ocrx_word' id='word_1_170' title='bbox 591 2470 628 2536; x_wconf 92' lang='lat' dir='ltr'><strong>In</strong></span> <span class='ocrx_word' id='word_1_171' title='bbox 652 2474 836 2540; x_wconf 81' lang='lat' dir='ltr'><strong>oonsilio</strong></span> <span class='ocrx_word' id='word_1_172' title='bbox 861 2474 1011 2538; x_wconf 83' lang='lat' dir='ltr'><strong>maiori</strong></span> <span class='ocrx_word' id='word_1_173' title='bbox 1034 2472 1107 2537; x_wconf 80' lang='lat' dir='ltr'><em>boll.</em></span> <span class='ocrx_word' id='word_1_174' title='bbox 1125 2496 1197 2536; x_wconf 86' lang='lat' dir='ltr'><strong>nxn.</strong></span> <span class='ocrx_word' id='word_1_175' title='bbox 1221 2469 1327 2536; x_wconf 78' lang='lat' dir='ltr'><strong>Prima</strong></span> <span class='ocrx_word' id='word_1_176' title='bbox 1344 2487 1416 2552; x_wconf 80' lang='lat' dir='ltr'><strong>pars</strong></span> <span class='ocrx_word' id='word_1_177' title='bbox 1439 2473 1491 2535; x_wconf 76' lang='lat' dir='ltr'><strong>esi</strong></span> 
     </span>
    </p>
   </div>
   <div class='ocr_carea' id='block_1_8' title="bbox 135 2555 1491 2905">
    <p class='ocr_par' dir='ltr' id='par_1_8' title="bbox 135 2555 1491 2905">
     <span class='ocr_line' id='line_1_21' title="bbox 135 2555 1491 2643; baseline -0.002 -20"><span class='ocrx_word' id='word_1_178' title='bbox 135 2561 173 2624; x_wconf 75' lang='lat' dir='ltr'><strong>ele</strong></span> <span class='ocrx_word' id='word_1_179' title='bbox 196 2559 299 2622; x_wconf 82' lang='lat' dir='ltr'><strong>dando</strong></span> <span class='ocrx_word' id='word_1_180' title='bbox 321 2555 495 2623; x_wconf 77' lang='lat' dir='ltr'><strong>libertatem</strong></span> <span class='ocrx_word' id='word_1_181' title='bbox 512 2560 774 2626; x_wconf 75' lang='lat' dir='ltr'><strong>etauctoritatem</strong></span> <span class='ocrx_word' id='word_1_182' title='bbox 798 2562 925 2626; x_wconf 89' lang='lat' dir='ltr'><strong>domino</strong></span> <span class='ocrx_word' id='word_1_183' title='bbox 942 2561 1053 2626; x_wconf 76' lang='lat' dir='ltr'><strong>rectori</strong></span> <span class='ocrx_word' id='word_1_184' title='bbox 1077 2568 1108 2626; x_wconf 87' lang='lat' dir='ltr'><strong>et</strong></span> <span class='ocrx_word' id='word_1_185' title='bbox 1132 2580 1225 2643; x_wconf 81' lang='lat' dir='ltr'><strong>parvo</strong></span> <span class='ocrx_word' id='word_1_186' title='bbox 1249 2556 1389 2631; x_wconf 89' lang='lat' dir='ltr'><strong>oonsilio,</strong></span> <span class='ocrx_word' id='word_1_187' title='bbox 1414 2575 1491 2621; x_wconf 87' lang='lat' dir='ltr'><strong>oum</strong></span> 
     </span>
     <span class='ocr_line' id='line_1_22' title="bbox 136 2645 1490 2732; baseline -0.001 -21"><span class='ocrx_word' id='word_1_188' title='bbox 136 2645 265 2711; x_wconf 83' lang='lat' dir='ltr'><strong>oonsilio</strong></span> <span class='ocrx_word' id='word_1_189' title='bbox 296 2652 475 2727; x_wconf 72' lang='lat' dir='ltr'><strong>rogatorum</strong></span> <span class='ocrx_word' id='word_1_190' title='bbox 509 2666 599 2730; x_wconf 85' lang='lat' dir='ltr'><strong>posse</strong></span> <span class='ocrx_word' id='word_1_191' title='bbox 622 2667 806 2732; x_wconf 77' lang='lat' dir='ltr'><strong>componere</strong></span> <span class='ocrx_word' id='word_1_192' title='bbox 835 2670 905 2713; x_wconf 88' lang='lat' dir='ltr'><strong>eum</strong></span> <span class='ocrx_word' id='word_1_193' title='bbox 930 2649 1056 2713; x_wconf 88' lang='lat' dir='ltr'><strong>domino</strong></span> <span class='ocrx_word' id='word_1_194' title='bbox 1088 2647 1320 2731; x_wconf 76' lang='lat' dir='ltr'><strong>archiepiscopo</strong></span> <span class='ocrx_word' id='word_1_195' title='bbox 1350 2649 1382 2709; x_wconf 80' lang='lat' dir='ltr'><strong>ei</strong></span> <span class='ocrx_word' id='word_1_196' title='bbox 1415 2663 1490 2709; x_wconf 87' lang='lat' dir='ltr'><strong>oum</strong></span> 
     </span>
     <span class='ocr_line' id='line_1_23' title="bbox 136 2733 1491 2819; baseline -0.001 -21"><span class='ocrx_word' id='word_1_197' title='bbox 136 2734 247 2799; x_wconf 79' lang='lat' dir='ltr'>abbate</span> <span class='ocrx_word' id='word_1_198' title='bbox 271 2733 391 2810; x_wconf 78' lang='lat' dir='ltr'><strong>Creme,</strong></span> <span class='ocrx_word' id='word_1_199' title='bbox 419 2733 477 2797; x_wconf 89' lang='lat' dir='ltr'><strong>sub</strong></span> <span class='ocrx_word' id='word_1_200' title='bbox 500 2733 552 2798; x_wconf 88' lang='lat' dir='ltr'><strong>illa</strong></span> <span class='ocrx_word' id='word_1_201' title='bbox 576 2734 675 2799; x_wconf 87' lang='lat' dir='ltr'><strong>forma</strong></span> <span class='ocrx_word' id='word_1_202' title='bbox 699 2757 758 2819; x_wconf 89' lang='lat' dir='ltr'><strong>que</strong></span> <span class='ocrx_word' id='word_1_203' title='bbox 783 2736 945 2813; x_wconf 76' lang='lat' dir='ltr'><strong>imminit,</strong></span> <span class='ocrx_word' id='word_1_204' title='bbox 970 2741 1001 2799; x_wconf 82' lang='lat' dir='ltr'><strong>et</strong></span> <span class='ocrx_word' id='word_1_205' title='bbox 1025 2735 1201 2801; x_wconf 81' lang='lat' dir='ltr'><strong>exeeneioni</strong></span> <span class='ocrx_word' id='word_1_206' title='bbox 1226 2734 1372 2798; x_wconf 87' lang='lat' dir='ltr'><strong>mandare</strong></span> <span class='ocrx_word' id='word_1_207' title='bbox 1395 2738 1491 2815; x_wconf 80' lang='lat' dir='ltr'><strong>prout</strong></span> 
     </span>
     <span class='ocr_line' id='line_1_24' title="bbox 136 2821 993 2905; baseline 0 -19"><span class='ocrx_word' id='word_1_208' title='bbox 136 2822 221 2888; x_wconf 88' lang='lat' dir='ltr'><strong>dieto</strong></span> <span class='ocrx_word' id='word_1_209' title='bbox 244 2821 374 2886; x_wconf 84' lang='lat' dir='ltr'><strong>oonsilio</strong></span> <span class='ocrx_word' id='word_1_210' title='bbox 399 2821 510 2886; x_wconf 87' lang='lat' dir='ltr'><strong>melius</strong></span> <span class='ocrx_word' id='word_1_211' title='bbox 533 2822 697 2888; x_wconf 86' lang='lat' dir='ltr'><strong>videbitur.</strong></span> <span class='ocrx_word' id='word_1_212' title='bbox 726 2824 815 2905; x_wconf 69' lang='lat' dir='ltr'><strong>Capi.</strong></span> <span class='ocrx_word' id='word_1_213' title='bbox 835 2845 898 2904; x_wconf 85' lang='lat' dir='ltr'><strong>per</strong></span> <span class='ocrx_word' id='word_1_214' title='bbox 920 2849 993 2888; x_wconf 82' lang='lat' dir='ltr'><strong>mm.</strong></span> 
     </span>
    </p>
   </div>
   <div class='ocr_carea' id='block_1_9' title="bbox 138 3010 1493 3186">
    <p class='ocr_par' dir='ltr' id='par_1_9' title="bbox 138 3010 1493 3186">
     <span class='ocr_line' id='line_1_25' title="bbox 226 3010 1493 3099; baseline -0.002 -21"><span class='ocrx_word' id='word_1_215' title='bbox 226 3014 286 3078; x_wconf 83' lang='lat' dir='ltr'><strong>Dm</strong></span> <span class='ocrx_word' id='word_1_216' title='bbox 310 3036 330 3076; x_wconf 83' lang='lat' dir='ltr'>x</span> <span class='ocrx_word' id='word_1_217' title='bbox 347 3036 518 3078; x_wconf 73' lang='lat' dir='ltr'><strong>ernnnnnn.</strong></span> <span class='ocrx_word' id='word_1_218' title='bbox 544 3012 740 3096; x_wconf 74' lang='lat' dir='ltr'><strong>Repetornm</strong></span> <span class='ocrx_word' id='word_1_219' title='bbox 756 3013 829 3080; x_wconf 82' lang='lat' dir='ltr'><strong>boii.</strong></span> <span class='ocrx_word' id='word_1_220' title='bbox 847 3039 920 3080; x_wconf 84' lang='lat' dir='ltr'>xxx.</span> <span class='ocrx_word' id='word_1_221' title='bbox 944 3015 1051 3080; x_wconf 88' lang='lat' dir='ltr'><strong>Prima</strong></span> <span class='ocrx_word' id='word_1_222' title='bbox 1067 3034 1138 3099; x_wconf 87' lang='lat' dir='ltr'><strong>pars</strong></span> <span class='ocrx_word' id='word_1_223' title='bbox 1153 3020 1200 3079; x_wconf 87' lang='lat' dir='ltr'><strong>est</strong></span> <span class='ocrx_word' id='word_1_224' title='bbox 1217 3015 1255 3077; x_wconf 86' lang='lat' dir='ltr'><strong>de</strong></span> <span class='ocrx_word' id='word_1_225' title='bbox 1276 3010 1493 3078; x_wconf 81' lang='lat' dir='ltr'><strong>confirmando</strong></span> 
     </span>
     <span class='ocr_line' id='line_1_26' title="bbox 138 3099 1411 3186; baseline -0.003 -19"><span class='ocrx_word' id='word_1_226' title='bbox 138 3101 275 3186; x_wconf 80' lang='lat' dir='ltr'><strong>capitula</strong></span> <span class='ocrx_word' id='word_1_227' title='bbox 298 3100 336 3166; x_wconf 91' lang='lat' dir='ltr'><strong>de</strong></span> <span class='ocrx_word' id='word_1_228' title='bbox 360 3100 547 3166; x_wconf 84' lang='lat' dir='ltr'><strong>monasterio</strong></span> <span class='ocrx_word' id='word_1_229' title='bbox 571 3101 681 3167; x_wconf 81' lang='lat' dir='ltr'><strong>Creme</strong></span> <span class='ocrx_word' id='word_1_230' title='bbox 705 3121 764 3185; x_wconf 88' lang='lat' dir='ltr'><strong>que</strong></span> <span class='ocrx_word' id='word_1_231' title='bbox 789 3101 867 3168; x_wconf 83' lang='lat' dir='ltr'><strong>loeta</strong></span> <span class='ocrx_word' id='word_1_232' title='bbox 890 3108 971 3167; x_wconf 85' lang='lat' dir='ltr'><strong>sunt.</strong></span> <span class='ocrx_word' id='word_1_233' title='bbox 999 3102 1088 3183; x_wconf 73' lang='lat' dir='ltr'><strong>Cepi.</strong></span> <span class='ocrx_word' id='word_1_234' title='bbox 1111 3123 1171 3185; x_wconf 85' lang='lat' dir='ltr'><strong>per</strong></span> <span class='ocrx_word' id='word_1_235' title='bbox 1194 3099 1267 3165; x_wconf 78' lang='lat' dir='ltr'><em>hell.</em></span> <span class='ocrx_word' id='word_1_236' title='bbox 1293 3124 1411 3164; x_wconf 72' lang='lat' dir='ltr'><strong>xxrnn.</strong></span> 
     </span>
    </p>
   </div>
   <div class='ocr_carea' id='block_1_10' title="bbox 140 3291 1496 3624">
    <p class='ocr_par' dir='ltr' id='par_1_10' title="bbox 140 3291 1496 3624">
     <span class='ocr_line' id='line_1_27' title="bbox 227 3291 1494 3382; baseline 0 -24"><span class='ocrx_word' id='word_1_237' title='bbox 227 3294 287 3358; x_wconf 81' lang='lat' dir='ltr'><strong>Dm</strong></span> <span class='ocrx_word' id='word_1_238' title='bbox 310 3318 377 3357; x_wconf 83' lang='lat' dir='ltr'><strong>xnn</strong></span> <span class='ocrx_word' id='word_1_239' title='bbox 400 3317 572 3359; x_wconf 79' lang='lat' dir='ltr'><strong>rnnnnnnn.</strong></span> <span class='ocrx_word' id='word_1_240' title='bbox 598 3293 654 3359; x_wconf 86' lang='lat' dir='ltr'><strong>Sor</strong></span> <span class='ocrx_word' id='word_1_241' title='bbox 678 3293 788 3360; x_wconf 84' lang='lat' dir='ltr'><strong>Nioola</strong></span> <span class='ocrx_word' id='word_1_242' title='bbox 819 3296 856 3360; x_wconf 90' lang='lat' dir='ltr'><strong>de</strong></span> <span class='ocrx_word' id='word_1_243' title='bbox 880 3296 1018 3382; x_wconf 76' lang='lat' dir='ltr'><strong>Binpola‚</strong></span> <span class='ocrx_word' id='word_1_244' title='bbox 1054 3315 1102 3360; x_wconf 88' lang='lat' dir='ltr'><strong>ser</strong></span> <span class='ocrx_word' id='word_1_245' title='bbox 1124 3294 1239 3358; x_wconf 87' lang='lat' dir='ltr'><strong>Junius</strong></span> <span class='ocrx_word' id='word_1_246' title='bbox 1262 3293 1300 3358; x_wconf 88' lang='lat' dir='ltr'><strong>de</strong></span> <span class='ocrx_word' id='word_1_247' title='bbox 1324 3292 1425 3358; x_wconf 86' lang='lat' dir='ltr'><strong>Grede</strong></span> <span class='ocrx_word' id='word_1_248' title='bbox 1459 3291 1494 3358; x_wconf 89' lang='lat' dir='ltr'><strong>in</strong></span> 
     </span>
     <span class='ocr_line' id='line_1_28' title="bbox 140 3379 1495 3467; baseline -0.001 -20"><span class='ocrx_word' id='word_1_249' title='bbox 140 3381 292 3447; x_wconf 89' lang='lat' dir='ltr'><strong>minori</strong></span> <span class='ocrx_word' id='word_1_250' title='bbox 325 3381 508 3445; x_wconf 86' lang='lat' dir='ltr'><strong>oonsilio</strong></span> <span class='ocrx_word' id='word_1_251' title='bbox 532 3401 608 3445; x_wconf 92' lang='lat' dir='ltr'><strong>sono</strong></span> <span class='ocrx_word' id='word_1_252' title='bbox 632 3402 791 3464; x_wconf 83' lang='lat' dir='ltr'><strong>campane,</strong></span> <span class='ocrx_word' id='word_1_253' title='bbox 817 3403 901 3448; x_wconf 92' lang='lat' dir='ltr'><strong>more</strong></span> <span class='ocrx_word' id='word_1_254' title='bbox 926 3383 1016 3448; x_wconf 81' lang='lat' dir='ltr'><strong>solito</strong></span> <span class='ocrx_word' id='word_1_255' title='bbox 1040 3390 1228 3467; x_wconf 76' lang='lat' dir='ltr'><strong>congregato</strong></span> <span class='ocrx_word' id='word_1_256' title='bbox 1252 3381 1341 3447; x_wconf 77' lang='lat' dir='ltr'><strong>electi</strong></span> <span class='ocrx_word' id='word_1_257' title='bbox 1365 3379 1495 3445; x_wconf 83' lang='lat' dir='ltr'><strong>inerunt</strong></span> 
     </span>
     <span class='ocr_line' id='line_1_29' title="bbox 140 3466 1496 3624; baseline -0.002 -89"><span class='ocrx_word' id='word_1_258' title='bbox 140 3489 234 3624; x_wconf 71' lang='lat' dir='ltr'><strong>ppnes</strong></span> <span class='ocrx_word' id='word_1_259' title='bbox 265 3469 430 3534; x_wconf 76' lang='lat' dir='ltr'><strong>canonicos</strong></span> <span class='ocrx_word' id='word_1_260' title='bbox 461 3470 500 3533; x_wconf 86' lang='lat' dir='ltr'><strong>ad</strong></span> <span class='ocrx_word' id='word_1_261' title='bbox 532 3469 770 3553; x_wconf 84' lang='lat' dir='ltr'><strong>gubernandum</strong></span> <span class='ocrx_word' id='word_1_262' title='bbox 801 3477 832 3536; x_wconf 83' lang='lat' dir='ltr'><strong>et</strong></span> <span class='ocrx_word' id='word_1_263' title='bbox 863 3473 1033 3557; x_wconf 85' lang='lat' dir='ltr'><strong>regendum</strong></span> <span class='ocrx_word' id='word_1_264' title='bbox 1068 3471 1149 3535; x_wconf 85' lang='lat' dir='ltr'><strong>bona</strong></span> <span class='ocrx_word' id='word_1_265' title='bbox 1181 3467 1359 3534; x_wconf 83' lang='lat' dir='ltr'><strong>monasterii</strong></span> <span class='ocrx_word' id='word_1_266' title='bbox 1393 3468 1432 3533; x_wconf 87' lang='lat' dir='ltr'><strong>de</strong></span> <span class='ocrx_word' id='word_1_267' title='bbox 1463 3466 1496 3533; x_wconf 82' lang='lat' dir='ltr'><strong>la</strong></span> 
     </span>
     <span class='ocr_line' id='line_1_30' title="bbox 164 3576 259 3621; baseline -0.011 0"><span class='ocrx_word' id='word_1_268' title='bbox 164 3576 259 3621; x_wconf 85' lang='lat' dir='ltr'><strong>roma.</strong></span> 
     </span>
    </p>
   </div>
   <div class='ocr_carea' id='block_1_11' title="bbox 142 3746 1496 4182">
    <p class='ocr_par' dir='ltr' id='par_1_11' title="bbox 142 3746 1496 4182">
     <span class='ocr_line' id='line_1_31' title="bbox 228 3746 1494 3834; baseline -0.001 -22"><span class='ocrx_word' id='word_1_269' title='bbox 228 3747 289 3812; x_wconf 85' lang='lat' dir='ltr'><strong>Dm</strong></span> <span class='ocrx_word' id='word_1_270' title='bbox 311 3771 362 3812; x_wconf 81' lang='lat' dir='ltr'><strong>xer</strong></span> <span class='ocrx_word' id='word_1_271' title='bbox 386 3771 492 3812; x_wconf 77' lang='lat' dir='ltr'><strong>nensis</strong></span> <span class='ocrx_word' id='word_1_272' title='bbox 516 3771 686 3812; x_wconf 79' lang='lat' dir='ltr'><strong>ennnosmr.</strong></span> <span class='ocrx_word' id='word_1_273' title='bbox 718 3747 754 3812; x_wconf 85' lang='lat' dir='ltr'><strong>In</strong></span> <span class='ocrx_word' id='word_1_274' title='bbox 779 3749 998 3814; x_wconf 85' lang='lat' dir='ltr'><strong>oonsililio</strong></span> <span class='ocrx_word' id='word_1_275' title='bbox 1022 3755 1261 3834; x_wconf 82' lang='lat' dir='ltr'><strong>rogatorum</strong></span> <span class='ocrx_word' id='word_1_276' title='bbox 1286 3746 1359 3813; x_wconf 77' lang='lat' dir='ltr'><em>boll.</em></span> <span class='ocrx_word' id='word_1_277' title='bbox 1384 3770 1494 3811; x_wconf 84' lang='lat' dir='ltr'><strong>xxxvi.</strong></span> 
     </span>
     <span class='ocr_line' id='line_1_32' title="bbox 142 3835 1496 3920; baseline -0.003 -19"><span class='ocrx_word' id='word_1_278' title='bbox 142 3836 247 3901; x_wconf 85' lang='lat' dir='ltr'><strong>Prima</strong></span> <span class='ocrx_word' id='word_1_279' title='bbox 270 3855 341 3917; x_wconf 89' lang='lat' dir='ltr'><strong>pars</strong></span> <span class='ocrx_word' id='word_1_280' title='bbox 357 3840 412 3910; x_wconf 83' lang='lat' dir='ltr'><strong>est,</strong></span> <span class='ocrx_word' id='word_1_281' title='bbox 438 3836 521 3917; x_wconf 80' lang='lat' dir='ltr'><strong>quod</strong></span> <span class='ocrx_word' id='word_1_282' title='bbox 545 3842 628 3900; x_wconf 69' lang='lat' dir='ltr'><strong>(rorte</strong></span> <span class='ocrx_word' id='word_1_283' title='bbox 646 3836 875 3919; x_wconf 79' lang='lat' dir='ltr'><strong>rendieionurn,</strong></span> <span class='ocrx_word' id='word_1_284' title='bbox 899 3857 957 3920; x_wconf 90' lang='lat' dir='ltr'><strong>qne</strong></span> <span class='ocrx_word' id='word_1_285' title='bbox 975 3837 1054 3902; x_wconf 85' lang='lat' dir='ltr'><strong>saoto</strong></span> <span class='ocrx_word' id='word_1_286' title='bbox 1077 3843 1166 3903; x_wconf 86' lang='lat' dir='ltr'><strong>erant</strong></span> <span class='ocrx_word' id='word_1_287' title='bbox 1183 3836 1253 3913; x_wconf 88' lang='lat' dir='ltr'><strong>illis,</strong></span> <span class='ocrx_word' id='word_1_288' title='bbox 1277 3835 1330 3918; x_wconf 81' lang='lat' dir='ltr'><strong>qui</strong></span> <span class='ocrx_word' id='word_1_289' title='bbox 1352 3837 1496 3899; x_wconf 78' lang='lat' dir='ltr'><strong>emerant</strong></span> 
     </span>
     <span class='ocr_line' id='line_1_33' title="bbox 142 3920 1495 3995; baseline 0.001 -10"><span class='ocrx_word' id='word_1_290' title='bbox 142 3925 250 3988; x_wconf 76' lang='lat' dir='ltr'><strong>‹iornos</strong></span> <span class='ocrx_word' id='word_1_291' title='bbox 266 3922 482 3987; x_wconf 74' lang='lat' dir='ltr'><strong>Catarinorum</strong></span> <span class='ocrx_word' id='word_1_292' title='bbox 506 3943 523 3986; x_wconf 88' lang='lat' dir='ltr'><strong>a</strong></span> <span class='ocrx_word' id='word_1_293' title='bbox 547 3925 680 3995; x_wconf 81' lang='lat' dir='ltr'><strong>eomuni.</strong></span> <span class='ocrx_word' id='word_1_294' title='bbox 705 3924 839 3990; x_wconf 82' lang='lat' dir='ltr'><strong>debeant</strong></span> <span class='ocrx_word' id='word_1_295' title='bbox 867 3925 960 3989; x_wconf 80' lang='lat' dir='ltr'><strong>incidi</strong></span> <span class='ocrx_word' id='word_1_296' title='bbox 985 3930 1015 3990; x_wconf 87' lang='lat' dir='ltr'><strong>et</strong></span> <span class='ocrx_word' id='word_1_297' title='bbox 1039 3925 1071 3989; x_wconf 93' lang='lat' dir='ltr'><strong>in</strong></span> <span class='ocrx_word' id='word_1_298' title='bbox 1095 3929 1249 3991; x_wconf 81' lang='lat' dir='ltr'><strong>catasteoo</strong></span> <span class='ocrx_word' id='word_1_299' title='bbox 1273 3920 1438 3988; x_wconf 82' lang='lat' dir='ltr'><strong>cancellari</strong></span> <span class='ocrx_word' id='word_1_300' title='bbox 1462 3926 1495 3986; x_wconf 85' lang='lat' dir='ltr'><strong>ot</strong></span> 
     </span>
     <span class='ocr_line' id='line_1_34' title="bbox 144 4008 1494 4096; baseline -0.001 -22"><span class='ocrx_word' id='word_1_301' title='bbox 144 4010 307 4075; x_wconf 86' lang='lat' dir='ltr'><strong>annullari.</strong></span> <span class='ocrx_word' id='word_1_302' title='bbox 342 4008 383 4075; x_wconf 79' lang='lat' dir='ltr'><strong>nt</strong></span> <span class='ocrx_word' id='word_1_303' title='bbox 406 4011 488 4093; x_wconf 85' lang='lat' dir='ltr'><strong>quod</strong></span> <span class='ocrx_word' id='word_1_304' title='bbox 515 4030 674 4094; x_wconf 88' lang='lat' dir='ltr'><strong>nunquam</strong></span> <span class='ocrx_word' id='word_1_305' title='bbox 698 4013 829 4090; x_wconf 84' lang='lat' dir='ltr'><strong>valeant,</strong></span> <span class='ocrx_word' id='word_1_306' title='bbox 855 4032 955 4096; x_wconf 87' lang='lat' dir='ltr'><strong>neque</strong></span> <span class='ocrx_word' id='word_1_307' title='bbox 980 4018 1107 4078; x_wconf 75' lang='lat' dir='ltr'><strong>teneant</strong></span> <span class='ocrx_word' id='word_1_308' title='bbox 1130 4032 1187 4078; x_wconf 91' lang='lat' dir='ltr'><strong>nee</strong></span> <span class='ocrx_word' id='word_1_309' title='bbox 1212 4011 1332 4096; x_wconf 83' lang='lat' dir='ltr'><strong>possint</strong></span> <span class='ocrx_word' id='word_1_310' title='bbox 1354 4027 1494 4093; x_wconf 84' lang='lat' dir='ltr'><strong>unquam</strong></span> 
     </span>
     <span class='ocr_line' id='line_1_35' title="bbox 144 4096 1495 4182; baseline -0.001 -19"><span class='ocrx_word' id='word_1_311' title='bbox 144 4098 277 4181; x_wconf 82' lang='lat' dir='ltr'><strong>amplius</strong></span> <span class='ocrx_word' id='word_1_312' title='bbox 301 4097 421 4162; x_wconf 77' lang='lat' dir='ltr'><strong>extrahi</strong></span> <span class='ocrx_word' id='word_1_313' title='bbox 444 4098 482 4163; x_wconf 89' lang='lat' dir='ltr'><strong>de</strong></span> <span class='ocrx_word' id='word_1_314' title='bbox 499 4099 655 4164; x_wconf 82' lang='lat' dir='ltr'><strong>catastieo.</strong></span> <span class='ocrx_word' id='word_1_315' title='bbox 681 4098 721 4163; x_wconf 77' lang='lat' dir='ltr'><strong>Et</strong></span> <span class='ocrx_word' id='word_1_316' title='bbox 738 4099 796 4164; x_wconf 89' lang='lat' dir='ltr'><strong>hoo</strong></span> <span class='ocrx_word' id='word_1_317' title='bbox 820 4121 856 4165; x_wconf 89' lang='lat' dir='ltr'><strong>er</strong></span> <span class='ocrx_word' id='word_1_318' title='bbox 883 4100 1065 4166; x_wconf 74' lang='lat' dir='ltr'><strong>anctoritate</strong></span> <span class='ocrx_word' id='word_1_319' title='bbox 1089 4102 1160 4166; x_wconf 74' lang='lat' dir='ltr'><strong>elota</strong></span> <span class='ocrx_word' id='word_1_320' title='bbox 1184 4100 1233 4166; x_wconf 82' lang='lat' dir='ltr'><strong>isti</strong></span> <span class='ocrx_word' id='word_1_321' title='bbox 1250 4096 1380 4164; x_wconf 87' lang='lat' dir='ltr'><strong>oonsilio</strong></span> <span class='ocrx_word' id='word_1_322' title='bbox 1403 4115 1495 4182; x_wconf 83' lang='lat' dir='ltr'><strong>rogo·</strong></span> 
     </span>
    </p>
   </div>
   <div class='ocr_carea' id='block_1_12' title="bbox 140 4180 1492 4352">
    <p class='ocr_par' dir='ltr' id='par_1_12' title="bbox 140 4180 1492 4352">
     <span class='ocr_line' id='line_1_36' title="bbox 145 4180 1492 4272; baseline -0.001 -23"><span class='ocrx_word' id='word_1_323' title='bbox 145 4193 246 4249; x_wconf 88' lang='lat' dir='ltr'><strong>torum</strong></span> <span class='ocrx_word' id='word_1_324' title='bbox 270 4207 287 4248; x_wconf 86' lang='lat' dir='ltr'><strong>a</strong></span> <span class='ocrx_word' id='word_1_325' title='bbox 310 4185 418 4268; x_wconf 85' lang='lat' dir='ltr'><strong>majori</strong></span> <span class='ocrx_word' id='word_1_326' title='bbox 442 4185 568 4251; x_wconf 80' lang='lat' dir='ltr'><strong>oonsilio</strong></span> <span class='ocrx_word' id='word_1_327' title='bbox 592 4187 630 4252; x_wconf 89' lang='lat' dir='ltr'><strong>de</strong></span> <span class='ocrx_word' id='word_1_328' title='bbox 647 4207 753 4253; x_wconf 84' lang='lat' dir='ltr'><strong>mense</strong></span> <span class='ocrx_word' id='word_1_329' title='bbox 768 4186 845 4251; x_wconf 83' lang='lat' dir='ltr'><strong>Julii</strong></span> <span class='ocrx_word' id='word_1_330' title='bbox 862 4188 999 4270; x_wconf 84' lang='lat' dir='ltr'><strong>proxime</strong></span> <span class='ocrx_word' id='word_1_331' title='bbox 1023 4189 1161 4272; x_wconf 81' lang='lat' dir='ltr'><strong>preteriti</strong></span> <span class='ocrx_word' id='word_1_332' title='bbox 1185 4188 1235 4254; x_wconf 88' lang='lat' dir='ltr'><strong>die</strong></span> <span class='ocrx_word' id='word_1_333' title='bbox 1253 4186 1371 4251; x_wconf 79' lang='lat' dir='ltr'><strong>ultimo.</strong></span> <span class='ocrx_word' id='word_1_334' title='bbox 1399 4180 1492 4265; x_wconf 70' lang='lat' dir='ltr'><strong>oapi.</strong></span> 
     </span>
     <span class='ocr_line' id='line_1_37' title="bbox 140 4292 337 4352; baseline 0.015 -18"><span class='ocrx_word' id='word_1_335' title='bbox 140 4292 201 4352; x_wconf 86' lang='lat' dir='ltr'><strong>per</strong></span> <span class='ocrx_word' id='word_1_336' title='bbox 224 4292 337 4337; x_wconf 73' lang='lat' dir='ltr'><strong>opines.</strong></span> 
     </span>
    </p>
   </div>
   <div class='ocr_carea' id='block_1_13' title="bbox 147 4375 1496 4721">
    <p class='ocr_par' dir='ltr' id='par_1_13' title="bbox 147 4375 1496 4721">
     <span class='ocr_line' id='line_1_38' title="bbox 232 4375 1495 4463; baseline 0.002 -25"><span class='ocrx_word' id='word_1_337' title='bbox 232 4375 336 4440; x_wconf 85' lang='lat' dir='ltr'><strong>Primo</strong></span> <span class='ocrx_word' id='word_1_338' title='bbox 360 4384 502 4459; x_wconf 81' lang='lat' dir='ltr'><strong>pareest</strong></span> <span class='ocrx_word' id='word_1_339' title='bbox 533 4380 570 4444; x_wconf 82' lang='lat' dir='ltr'><strong>de</strong></span> <span class='ocrx_word' id='word_1_340' title='bbox 603 4378 745 4461; x_wconf 88' lang='lat' dir='ltr'><strong>ponendo</strong></span> <span class='ocrx_word' id='word_1_341' title='bbox 778 4398 888 4461; x_wconf 85' lang='lat' dir='ltr'><strong>penam</strong></span> <span class='ocrx_word' id='word_1_342' title='bbox 913 4379 986 4458; x_wconf 81' lang='lat' dir='ltr'><strong>illis,</strong></span> <span class='ocrx_word' id='word_1_343' title='bbox 1022 4380 1075 4463; x_wconf 80' lang='lat' dir='ltr'><strong>qni</strong></span> <span class='ocrx_word' id='word_1_344' title='bbox 1100 4379 1215 4444; x_wconf 82' lang='lat' dir='ltr'><strong>liabent</strong></span> <span class='ocrx_word' id='word_1_345' title='bbox 1248 4382 1347 4444; x_wconf 81' lang='lat' dir='ltr'><strong>cartas</strong></span> <span class='ocrx_word' id='word_1_346' title='bbox 1378 4377 1417 4442; x_wconf 86' lang='lat' dir='ltr'><strong>de</strong></span> <span class='ocrx_word' id='word_1_347' title='bbox 1440 4375 1495 4440; x_wconf 89' lang='lat' dir='ltr'><strong>do-</strong></span> 
     </span>
     <span class='ocr_line' id='line_1_39' title="bbox 148 4461 1496 4549; baseline 0.002 -24"><span class='ocrx_word' id='word_1_348' title='bbox 148 4461 248 4526; x_wconf 86' lang='lat' dir='ltr'><strong>rnibns</strong></span> <span class='ocrx_word' id='word_1_349' title='bbox 272 4462 496 4537; x_wconf 70' lang='lat' dir='ltr'><strong>(iotarinormn,</strong></span> <span class='ocrx_word' id='word_1_350' title='bbox 529 4486 589 4549; x_wconf 84' lang='lat' dir='ltr'><strong>que</strong></span> <span class='ocrx_word' id='word_1_351' title='bbox 613 4466 737 4530; x_wconf 76' lang='lat' dir='ltr'><strong>vendite</strong></span> <span class='ocrx_word' id='word_1_352' title='bbox 762 4466 885 4531; x_wconf 83' lang='lat' dir='ltr'><strong>suerunt</strong></span> <span class='ocrx_word' id='word_1_353' title='bbox 918 4488 971 4549; x_wconf 88' lang='lat' dir='ltr'><strong>per</strong></span> <span class='ocrx_word' id='word_1_354' title='bbox 994 4486 1135 4544; x_wconf 83' lang='lat' dir='ltr'><strong>eomnne,</strong></span> <span class='ocrx_word' id='word_1_355' title='bbox 1167 4466 1299 4532; x_wconf 81' lang='lat' dir='ltr'><strong>debeant</strong></span> <span class='ocrx_word' id='word_1_356' title='bbox 1322 4464 1416 4529; x_wconf 85' lang='lat' dir='ltr'><strong>hodie</strong></span> <span class='ocrx_word' id='word_1_357' title='bbox 1438 4482 1496 4547; x_wconf 86' lang='lat' dir='ltr'><strong>por</strong></span> 
     </span>
     <span class='ocr_line' id='line_1_40' title="bbox 147 4550 1495 4639; baseline 0.001 -27"><span class='ocrx_word' id='word_1_358' title='bbox 147 4555 242 4613; x_wconf 76' lang='lat' dir='ltr'><strong>totam</strong></span> <span class='ocrx_word' id='word_1_359' title='bbox 267 4550 349 4614; x_wconf 85' lang='lat' dir='ltr'><strong>diem</strong></span> <span class='ocrx_word' id='word_1_360' title='bbox 382 4558 574 4634; x_wconf 71' lang='lat' dir='ltr'><strong>preseniasse</strong></span> <span class='ocrx_word' id='word_1_361' title='bbox 608 4553 691 4637; x_wconf 84' lang='lat' dir='ltr'><strong>ipsas</strong></span> <span class='ocrx_word' id='word_1_362' title='bbox 723 4554 929 4618; x_wconf 75' lang='lat' dir='ltr'><strong>dominacioni</strong></span> <span class='ocrx_word' id='word_1_363' title='bbox 963 4554 1020 4619; x_wconf 86' lang='lat' dir='ltr'><strong>sub</strong></span> <span class='ocrx_word' id='word_1_364' title='bbox 1046 4574 1125 4638; x_wconf 85' lang='lat' dir='ltr'><strong>pena</strong></span> <span class='ocrx_word' id='word_1_365' title='bbox 1148 4573 1345 4639; x_wconf 86' lang='lat' dir='ltr'><strong>perperorum</strong></span> <span class='ocrx_word' id='word_1_366' title='bbox 1371 4576 1408 4619; x_wconf 85' lang='lat' dir='ltr'><strong>vo</strong></span> <span class='ocrx_word' id='word_1_367' title='bbox 1438 4569 1495 4637; x_wconf 89' lang='lat' dir='ltr'><strong>pro</strong></span> 
     </span>
     <span class='ocr_line' id='line_1_41' title="bbox 147 4635 631 4721; baseline 0.014 -22"><span class='ocrx_word' id='word_1_368' title='bbox 147 4635 295 4719; x_wconf 81' lang='lat' dir='ltr'><strong>quolibet.</strong></span> <span class='ocrx_word' id='word_1_369' title='bbox 322 4636 415 4719; x_wconf 63' lang='lat' dir='ltr'><strong>(rope.</strong></span> <span class='ocrx_word' id='word_1_370' title='bbox 434 4660 496 4721; x_wconf 87' lang='lat' dir='ltr'><strong>per</strong></span> <span class='ocrx_word' id='word_1_371' title='bbox 518 4660 631 4706; x_wconf 82' lang='lat' dir='ltr'><strong>omnes.</strong></span> 
     </span>
    </p>
   </div>
   <div class='ocr_carea' id='block_1_14' title="bbox 0 0 1632 5108">
    <p class='ocr_par' dir='ltr' id='par_1_14' title="bbox 0 0 1632 5108">
     <span class='ocr_line' id='line_1_42' title="bbox 0 0 1632 5108; baseline 0 0"><span class='ocrx_word' id='word_1_372' title='bbox 0 0 1632 5108; x_wconf 95' lang='lat' dir='ltr'><strong> </strong></span> 
     </span>
    </p>
   </div>
  </div>
 </body>
</html>
