3224 5108
138 298 200 364 150
730 297 767 360 A.
794 301 886 360 1361.

224 489 305 557 Item
336 487 369 552 in
400 488 515 555 dioto
547 487 728 553 consilio
752 492 877 572 oaptum
911 487 979 565 fuit,
1014 488 1097 571 quod
1130 487 1272 555 hominos
1303 488 1342 555 de
1366 486 1496 555 Valona

138 575 511 732 {lagonngegssvoaffigohi
544 596 561 640 a
595 576 703 655 duona,
732 577 831 642 donao
854 575 989 661 Ragusoi
1019 579 1111 641 arunt
1132 575 1255 641 franchi
1284 596 1304 641 a
1330 577 1434 641 doana
1459 576 1495 643 in

225 839 287 905 Dm
309 863 383 905 xxn.
407 862 586 904 nncauaars.
620 837 657 903 In
689 838 874 903 oonsilio
906 842 1145 922 rogatorum
1169 836 1242 902 boll.
1270 861 1348 903 xxx.
1381 836 1496 907 Prima

138 947 211 1011 pars
233 936 281 992 θεῖ
304 926 519 993 demittendo
542 924 691 991 auxilium
718 926 879 1009 capitaneo
903 928 1020 991 armate
1051 930 1177 1009 proptor
1200 945 1278 991 nova
1301 944 1362 1009 qno
1385 927 1496 993 missit

139 1014 280 1081 dicendo,
308 1012 398 1094 Oopt.
417 1034 480 1095 per
501 1037 568 1078 xxr.

225 1101 330 1166 Prima
360 1121 432 1184 pars
462 1105 510 1167 θεῖ
541 1100 754 1167 demittendo
783 1100 817 1164 in
841 1098 1029 1164 adiutorium
1060 1099 1143 1165 inter
1173 1099 1306 1185 aroorios
1336 1104 1368 1166 θῖ
1400 1101 1495 1190 baili-

138 1189 250 1254 starios
272 1188 416 1254 hominos
438 1212 491 1253 xv.

225 1276 332 1341 Prima
355 1296 428 1360 pars
452 1280 499 1341 est
522 1274 735 1342 demittendo
759 1275 894 1358 aliquem
918 1274 1040 1359 lignum
1063 1277 1218 1339 armatum
1242 1275 1274 1339 in
1297 1275 1493 1343 adiutorium

139 1368 256 1430 armato
279 1364 443 1446 (cossam).

229 1452 371 1517 Soounda
393 1471 465 1535 pars
489 1454 536 1516 θεῖ
559 1451 598 1515 do
621 1449 775 1514 mittendo
798 1449 919 1534 aliquos
935 1449 1087 1515 hominos.
1117 1447 1208 1529 Copt.
1220 1470 1282 1530 par
1304 1449 1378 1515 bauz.
1396 1476 1492 1519 xxm.

226 1537 331 1603 Prima
358 1559 430 1622 para
460 1541 499 1606 da
523 1537 675 1603 mittendo
708 1538 790 1601 intra
813 1538 945 1622 atoarios
969 1542 1000 1602 θῖ
1023 1536 1211 1602 ballistarios
1233 1536 1266 1601 in
1296 1537 1493 1605 adiutorium

140 1629 256 1692 armato
279 1625 422 1692 hominos
444 1651 493 1691 xv.
524 1624 615 1709 Cant.
634 1645 696 1705 per
718 1649 772 1690 xx.

227 1713 333 1778 Prima
355 1733 428 1797 pars
451 1719 499 1779 θεῖ
522 1713 560 1778 do
576 1713 680 1776 dando
703 1711 772 1776 istis
787 1737 831 1779 xv
854 1710 1034 1777 horninibus
1049 1732 1105 1795 pro
1128 1735 1184 1776 vnr
1208 1711 1318 1777 diebus
1341 1713 1380 1778 do
1400 1714 1493 1780 solda

139 1820 287 1952 parpeffis
309 1826 333 1866 11
354 1821 412 1885 pro
437 1800 576 1885 quolibet
600 1798 722 1866 volante
745 1800 790 1866 iro
813 1801 852 1866 do
876 1798 1043 1877 voluntato,
1072 1799 1151 1864 ultra
1174 1799 1360 1883 panotioam.
1396 1802 1491 1884 θερί.

134 1888 236 1969 perh
273 1888 292 1954 l.
316 1913 389 1954 xxv.

228 2044 289 2110 Dra
319 2044 569 2110 xxv111.Nioola
601 2044 640 2109 do
673 2043 818 2122 Saraaha,
853 2043 952 2110 Clima
981 2043 1076 2110 Tamo
1100 2045 1138 2109 do
1169 2043 1277 2123 Darsa,
1308 2043 1421 2109 Nioola
1452 2047 1493 2113 do

142 2131 272 2215 Chorus,
298 2133 383 2198 Mato
407 2134 445 2197 de
469 2132 586 2217 uinta,
611 2131 725 2197 Junius
749 2131 862 2195 Marini
888 2132 925 2197 de
949 2132 1044 2214 Bona,
1068 2131 1266 2197 oxtiruatoros
1281 2133 1491 2215 dampnorum

141 2219 312 2298 vinoarum,
345 2240 404 2301 quo
427 2219 552 2285 fuorunt
576 2219 759 2284 uindimiato
783 2219 815 2283 in
839 2219 939 2284 Breno
963 2226 993 2285 θῖ
1021 2219 1053 2283 in
1076 2217 1232 2309 Qonohoto
1255 2239 1310 2302 per
1332 2218 1490 2287 inimiaos

141 2394 157 2455 ί
228 2306 339 2391 Prip‹;o
363 2305 522 2458 Euaimon,
553 2307 660 2373 Maron
693 2308 730 2374 de
754 2306 899 2385 Radosta,
931 2308 968 2371 ad
1000 2307 1169 2372 tonandum
1198 2306 1298 2372 clavas
1328 2326 1491 2373 oaroorum

150 2394 426 2478 mmmm
1050 2427 1055 2437 ·

222 2552 283 2615 Dra
305 2575 406 2616 xxvru
429 2574 608 2616 nannuanra.
634 2550 831 2632 Roqatorum
854 2549 927 2615 boll.
951 2574 1060 2615 xxxin.
1090 2549 1196 2614 Prima
1216 2569 1287 2632 pars
1310 2554 1358 2616 θεῖ
1380 2552 1419 2617 do
1442 2572 1491 2618 re·

137 2638 293 2703 stituonrto
318 2658 432 2720 oquurn
457 2638 593 2702 hominis
611 2637 735 2715 Sanohi,
760 2639 812 2721 qni
837 2638 896 2702 fuit
919 2644 1063 2720 aaooptus
1088 2657 1142 2720 pro
1166 2638 1301 2721 darnpno
1319 2637 1397 2704 iret-o
1421 2638 1490 2704 Ma-

138 2726 205 2789 rino
229 2725 316 2790 Junii
340 2727 378 2791 do
403 2725 521 2809 Menon.
550 2724 643 2806 Copt.
664 2746 725 2805 per
748 2725 820 2787 boll.
846 2744 932 2788 xxxi.

224 2813 328 2877 Prima
353 2833 423 2896 pars
447 2817 494 2877 θεῖ
517 2814 599 2895 quod
616 2833 747 2877 oournno
771 2812 888 2877 solvero
906 2813 1015 2878 «lrabeat
1039 2813 1210 2896 dampnum
1232 2813 1349 2877 sautum
1365 2812 1489 2878 Marino

136 2900 221 2983 Junij
248 2901 286 2965 do
310 2901 430 2986 Menae,
455 2901 480 2965 si
506 2899 559 2964 iilo
584 2900 672 2983 orujus
696 2904 762 2965 orat
785 2901 895 2965 deluat
919 2900 1035 2966 solvoro
1059 2903 1224 2982 (uua-uon).

226 2988 368 3053 Secunda
391 3009 462 3072 pars
486 2996 532 3053 θεῖ
557 2989 594 3053 do
617 3007 678 3052 non
705 2989 851 3054 soluendo
876 3008 930 3071 por
953 3007 1094 3071 uoruuno,
1125 2989 1180 3052 sod
1203 2988 1285 3071 (ruod
1314 2988 1416 3053 dietus
1438 3006 1490 3053 sor

137 3074 278 3138 Marinus
302 3077 417 3141 soriltat
441 3079 611 3159 ‹larnpnum
635 3096 735 3141 suurn.
764 3074 857 3156 Oupt.
879 3096 937 3159 por
960 3074 1032 3138 tall.
1059 3100 1145 3140 xvru.

224 3162 328 3227 Prima
351 3184 423 3247 pars
447 3170 494 3228 θεῖ
518 3165 556 3227 de
589 3165 690 3228 dando
714 3164 877 3227 arbitrium
901 3164 1026 3227 domino
1054 3162 1164 3228 rectori
1188 3168 1218 3227 ot
1241 3181 1335 3245 roario
1359 3161 1488 3239 oonsilio

137 3250 176 3312 (Ιθ
199 3250 390 3316 extrahendo
415 3252 453 3317 do
469 3252 587 3335 Stagno
610 3258 640 3316 ot
656 3251 757 3315 Punta
782 3251 924 3316 hominos
948 3277 965 3315 x
989 3249 1159 3335 pinguiora,
1184 3251 1221 3315 do
1247 3249 1379 3335 illisqui
1403 3250 1488 3316 vide·

137 3336 252 3400 luuntur
275 3339 328 3403 ois.
357 3338 449 3420 Copt.
469 3360 530 3418 yur
553 3363 642 3403 xxxr.

224 3424 309 3504 'iiloq
334 3447 468 3509 gonorus
484 3428 588 3511 Bogoo
612 3426 752 3498 onerarii,
780 3426 866 3489 i'uan
891 3424 983 3489 horno
1006 3426 1074 3491 Vite
1098 3427 1136 3490 do
1152 3425 1249 3496 (toria,
1273 3423 1373 3488 Filius
1389 3423 1489 3492 Mario
1514 3476 1520 3483 .

136 3513 174 3574 ‹to
206 3511 343 3577 Pouiouo
372 3514 498 3589 Prioea,
531 3514 626 3579 tiator
658 3513 754 3597 tigoni
788 3512 985 3597 Bogosiuvus
1020 3513 1129 3578 Priona
1162 3511 1336 3588 Batulum,
1369 3511 1488 3577 Mirans

136 3600 230 3663 t'rutor·
259 3599 381 3682 ῖῖῖιθῖθθ.
416 3601 527 3684 Stepeo
551 3603 588 3665 do
613 3602 733 3683 (tatano,
766 3600 966 3666 Cranislauus
988 3600 1071 3666 titius
1095 3600 1224 3678 (mimir,
1259 3599 1487 3665 Dobrosolavus

137 3684 232 3751 frater
256 3687 365 3766 Boron,
392 3688 591 3754 Dobrotohus
616 3687 829 3754 Goliohiovioh
854 3690 891 3753 do
912 3687 1059 3753 Poniouo.

223 3860 283 3926 Dra
305 3885 373 3926 xxx
390 3885 568 3929 nnoananrs.
594 3863 789 3945 Royotoruor
807 3862 879 3927 braii.
896 3887 974 3927 xxx.
998 3861 1105 3927 Prima
1128 3882 1198 3946 pars
1221 3866 1269 3925 θεῖ
1285 3863 1323 3927 de
1344 3862 1487 3927 addendo

137 3948 175 4011 do
198 3946 261 4012 illis
286 3949 373 4014 istius
397 3956 513 4017 annoto
538 3971 616 4015 novo
641 3952 690 4015 isti
715 3951 802 4033 gulae
826 3970 886 4032 quo
910 3950 1010 4023 uonit;
1032 3969 1091 4033 per
1113 3969 1226 4013 omnes.

224 4036 329 4099 Primo
353 4058 423 4120 pars
446 4044 492 4103 θεῖ
523 4039 561 4103 do
586 4039 727 4103 saciando
758 4038 895 4122 grauiam
920 4056 969 4102 ser
992 4036 1087 4101 Paulo
1115 4036 1244 4115 Quirino
1275 4036 1489 4122 arnbaxiatori,

141 4141 196 4205 pro
221 4123 301 4187 bono
324 4145 444 4208 guerro,
470 4126 550 4209 quod
577 4126 674 4210 possit
699 4145 813 4210 ponoro
836 4125 869 4188 in
894 4128 1008 4189 tornum
1031 4150 1042 4188 1
1067 4123 1161 4189 naute
1185 4123 1259 4188 vini.

224 4295 321 4362 Draro
337 4322 399 4362 nra.
425 4298 577 4365 Dominus
601 4304 703 4365 rector
726 4318 797 4363 anni
819 4299 927 4363 iuratis
953 4299 1106 4364 indicibus
1130 4319 1180 4364 ser
1195 4297 1317 4362 Marino
1341 4298 1379 4363 da
1403 4298 1491 4362 Bona

136 4388 167 4447 ot
200 4402 249 4447 sor
281 4384 401 4449 Mathia
433 4386 470 4450 do
495 4386 601 4451 ltiuiza
632 4392 802 4470 posuerunt
835 4406 948 4470 ponam
979 4387 1162 4451 ducatorum
1192 4410 1232 4451 nc
1255 4386 1421 4451 Andrusoo
1450 4386 1490 4451 do

157 4469 167 4492 ‘t

143 4470 278 4555 (taorgio
302 4472 476 4537 consiliario
499 4478 533 4538 nt
556 4474 662 4539 statim
686 4474 796 4539 debeat
819 4473 864 4537 iro
887 4474 925 4537 ad
948 4472 1079 4558 galuam.

225 4627 285 4692 Dra
302 4652 377 4693 xxxi
395 4653 571 4695 aroannam.
597 4629 634 4695 In
658 4627 841 4695 oonsilio
864 4633 1105 4716 rogatorum
1130 4628 1203 4694 tall.
1220 4654 1314 4694 arun.
1339 4630 1395 4701 Sor
1410 4629 1490 4697 Isau·

145 4714 269 4781 ronoius
293 4716 331 4782 do
354 4715 503 4783 Voloasso
527 4716 601 4784 boll.
623 4741 715 4784 nxrnr
736 4718 888 4784 remansit
908 4722 1010 4785 motor
1030 4737 1087 4805 pro
1109 4736 1216 4785 manse
1239 4716 1392 4784 Januarii.
