3224 5108
152 286 217 350 ’284
748 288 785 350 A.
813 290 906 349 1363.

239 477 293 541 Ser
324 477 443 543 Posche
475 478 514 543 de
545 478 652 541 Bondu
683 515 712 522 -
740 477 813 542 boll.
838 502 903 543 xvir
933 478 1086 543 remansit
1116 479 1252 544 comitas
1271 477 1371 564 galee
1405 476 1504 559 Cupi.

145 587 206 650 per
229 583 342 627 oriones.

241 669 344 733 Prima
368 689 440 752 pars
462 674 508 735 est
543 670 581 734 de
605 670 708 734 dando
729 670 862 755 galeotis
894 691 950 754 pro
973 671 1077 756 riagio
1100 669 1231 736 cuilibet
1258 688 1408 755 perperos
1429 693 1453 735 n
1475 676 1509 735 et

152 758 327 842 panaticam
350 770 381 820 et
406 757 580 821 visandam.
607 755 697 841 Copl.
717 779 779 839 per
800 778 915 823 omnes.

242 862 346 926 Prima
368 881 441 945 pers
464 870 511 929 est
534 863 572 928 de
595 863 698 926 dando
721 862 886 929 naucleriis
917 863 1039 948 galeote
1063 882 1119 948 pro
1142 864 1203 929 isto
1225 862 1327 948 riagio
1349 882 1407 946 pro
1428 881 1508 945 quo·

154 950 229 1014 libct
253 969 400 1033 perperos
422 975 451 1014 r.
479 947 570 1034 Gapt.
590 970 652 1030 per
674 970 789 1016 omum.

244 1054 348 1118 Prima
372 1074 443 1138 pars
463 1062 510 1120 est
526 1055 565 1120 de
581 1055 684 1119 dando
700 1055 828 1121 cuilibet
851 1055 967 1121 famulo
984 1055 1230 1121 ambarialorum
1247 1074 1303 1140 pro
1325 1055 1387 1119 isto
1402 1053 1509 1140 riagio

156 1161 303 1226 perperos
326 1167 369 1206 m.
397 1141 487 1223 Cupi.
505 1163 567 1227 per
588 1162 702 1207 orienes.

243 1333 303 1397 Dm
326 1359 367 1397 nn
390 1357 585 1399 summania.
618 1334 708 1400 Petre
738 1334 822 1400 lilius
855 1335 1025 1421 Margarite
1055 1336 1095 1401 de
1117 1335 1255 1401 Berressa
1284 1334 1318 1398 in
1353 1333 1508 1399 minori

152 1420 337 1485 consilio
368 1440 444 1485 sono
475 1441 624 1505 campane
661 1442 747 1487 more
768 1424 860 1488 solito
883 1432 1072 1508 congregato
1102 1423 1263 1487 absolutus
1288 1421 1347 1485 fuit
1377 1428 1511 1505 apote

156 1515 236 1572 state
260 1520 397 1572 tutorum
415 1528 542 1573 suorum
566 1520 597 1574 et
613 1510 685 1574 data
707 1510 767 1575 luit
789 1512 849 1577 sibi
866 1510 996 1577 licencia
1020 1510 1180 1576 mercandi
1195 1518 1227 1576 et
1248 1509 1355 1574 omnia
1369 1508 1509 1576 faciendi

155 1608 313 1679 tamquam
339 1596 433 1660 horno
456 1598 504 1661 sui
528 1596 613 1661 iuris.

242 1789 339 1853 Dicro
362 1813 424 1854 nra.
448 1789 555 1854 llaroe
571 1789 721 1873 Stephani
739 1791 875 1856 aurificis
890 1791 923 1854 in
947 1790 1097 1855 minori
1121 1789 1307 1855 consilio
1328 1808 1407 1854 sono
1422 1808 1510 1855 cam·

153 1897 234 1960 pane
258 1897 344 1942 more
367 1877 457 1941 solito
490 1886 680 1962 congregato
712 1879 813 1944 lactus
835 1878 904 1954 luit,
937 1887 971 1942 ut
994 1878 1106 1943 debeat
1130 1878 1175 1944 ire
1196 1878 1344 1943 Juderam
1372 1877 1413 1942 ad
1437 1896 1510 1960 pre

154 1965 357 2029 senciendum
381 1966 419 2029 de
442 1965 578 2029 aduentu
602 1966 722 2031 domini
746 1966 844 2031 nostri
867 1965 985 2031 domini
1002 1964 1086 2049 regis
1108 1965 1280 2050 Hungarie,
1303 1976 1339 2028 ut
1360 1965 1510 2050 superius

152 2063 198 2118 est
222 2071 412 2136 expressum.

242 2245 303 2308 Dur
334 2269 376 2308 xv
408 2269 514 2310 nessia
536 2269 731 2311 sumnam.
764 2245 802 2310 In
832 2246 1018 2310 consilio
1050 2244 1200 2310 maiori
1230 2242 1306 2309 batt.
1333 2234 1512 2311 uua‘Ser

155 2331 309 2414 Georgius
333 2331 490 2396 Nit'ficbus
521 2334 559 2398 de
582 2333 705 2414 Bodaca
727 2369 769 2379 —
792 2332 867 2397 loll.
890 2358 952 2398 xcv
976 2333 1125 2399 remansit
1158 2352 1264 2399 comes
1292 2332 1439 2418 [agnete.
1465 2368 1510 2380 —

152 2419 361 2499 (Resolurit).

244 2506 349 2570 Prima
371 2526 444 2590 pars
467 2514 514 2572 est
542 2507 580 2573 de
603 2508 765 2574 diserendo
794 2528 887 2592 super
910 2508 991 2573 lacto
1015 2514 1248 2592 procuratorum
1278 2526 1305 2571 s.
1328 2504 1438 2572 uarie
1464 2541 1508 2553 —

157 2592 248 2678 Capi.
267 2615 330 2675 per
353 2619 380 2658 ι.

243 2699 348 2763 Prima
372 2719 443 2783 pars
466 2714 512 2765 est
537 2702 574 2765 de
598 2701 701 2766 dando
726 2701 900 2768 libertatem
928 2702 1055 2765 domino
1079 2700 1191 2765 rectori
1213 2715 1244 2765 et
1268 2718 1396 2783 parvo
1419 2717 1509 2764 con-

154 2786 272 2857 silio.
299 2807 390 2870 posse
414 2789 521 2853 audire
545 2789 611 2853 iura
634 2810 683 2854 ser
697 2790 806 2853 lacobi
830 2791 869 2854 de
885 2789 997 2875 sterce
1020 2808 1113 2871 super
1135 2788 1338 2852 excusacione
1358 2786 1445 2861 eius;
1476 2792 1509 2851 el

157 2874 223 2956 ipsa
250 2894 339 2957 posse
363 2876 511 2940 reducere
535 2878 574 2939 sd
598 2877 680 2940 istud
704 2878 805 2941 maius
828 2876 1005 2942 consilium.
1028 2877 1054 2940 si
1079 2875 1243 2940 ridebitur.
1266 2873 1307 2940 Et
1330 2893 1423 2958 super
1442 2872 1509 2939 illis

155 2961 274 3025 iuribus
304 2982 353 3027 ser
384 2962 493 3026 Jacobi
526 2964 556 3027 in
591 2964 698 3029 maiori
729 2965 859 3029 consilio
883 2965 980 3048 possit
1011 2965 1116 3028 minus
1146 2962 1311 3027 consilium
1340 2960 1445 3027 dieere
1476 2968 1509 3027 et

155 3049 317 3115 consulere
341 3050 416 3114 illud
449 3053 531 3133 qiiod
556 3052 614 3116 sibi
640 3053 803 3119 ridebitur.
836 3052 940 3136 eliqua
962 3051 1023 3115 alia
1047 3064 1132 3134 parte
1166 3051 1197 3114 in
1219 3049 1410 3115 contrarium
1440 3067 1509 3114 non

154 3138 305 3203 obstante
333 3137 371 3203 Et
390 3139 473 3221 quod
490 3160 582 3222 super
598 3140 751 3223 angustiis
774 3141 904 3204 aliorum
921 3139 1091 3205 fallitorum
1107 3139 1212 3202 minus
1227 3136 1390 3202 consilium
1407 3137 1510 3220 possit

156 3224 270 3289 holere
295 3226 458 3290 consilium
483 3227 521 3291 de
544 3229 680 3293 remedio
696 3242 880 3311 opportuno,
904 3242 934 3293 et
951 3227 1053 3310 ipsum
1078 3227 1225 3291 reducere
1248 3243 1338 3308 posse
1361 3224 1400 3288 ad
1420 3223 1507 3288 istud

157 3314 256 3376 maius
281 3314 455 3381 consilium.
488 3328 517 3379 et
541 3335 630 3398 posse
662 3315 823 3381 consulere
845 3330 875 3382 et
900 3315 1002 3380 dicere
1032 3315 1114 3398 quod
1138 3314 1184 3379 eis
1207 3311 1371 3395 ridebitur,
1401 3310 1509 3396 aliqua

156 3416 240 3483 parm
266 3403 298 3465 in
321 3402 513 3465 contrarium
536 3422 598 3468 non
622 3403 774 3469 obstante.
802 3402 891 3487 (opt.
911 3424 971 3487 per
994 3427 1032 3465 ur.

243 3593 302 3657 Du:
326 3619 388 3657 xrn
412 3620 604 3661 secerneris.
637 3595 674 3660 ln
706 3595 893 3661 consilio
925 3598 1168 3679 rogatorum
1196 3591 1268 3656 boll.
1292 3613 1367 3654 xxx.
1399 3588 1509 3655 Prima

156 3702 225 3761 pru«
250 3696 296 3745 cst
321 3681 359 3746 de
383 3682 562 3765 accipiendo
587 3696 694 3747 mutuo
725 3706 742 3748 a
766 3683 1017 3767 procuratoribus
1047 3688 1154 3745 sancte
1178 3680 1277 3745 llario
1307 3679 1346 3744 do
1368 3677 1508 3743 denariis

156 3768 248 3832 Nicbi
273 3770 311 3833 de
335 3769 455 3853 l'berpu
480 3772 609 3835 ducatos
634 3797 679 3835 re.
708 3770 802 3852 Cupi.
824 3792 883 3852 prr
905 3769 978 3833 boll.
1004 3794 1067 3832 xri.

242 3875 347 3938 Prima
372 3897 442 3958 pars
466 3890 512 3940 est
538 3878 575 3940 cle
604 3878 747 3959 ponendo
771 3897 883 3960 penam
915 3875 1045 3958 pitropis
1070 3871 1164 3937 Nichi
1188 3872 1227 3936 de
1250 3869 1380 3954 Cherpa.
1408 3866 1506 3950 Oopl.

169 3983 210 4024 'tl‘
234 3987 287 4026 XX.

151 3990 165 4045 I
244 4051 345 4113 l'rirua
370 4072 441 4134 pars
465 4064 510 4114 cst
535 4053 573 4116 dc.
597 4052 739 4134 ponendo
765 4071 876 4134 penam
902 4049 1033 4133 pitropis
1049 4047 1144 4112 Nicbi
1167 4049 1206 4113 de
1230 4046 1352 4130 Gherpa
1374 4045 1413 4110 do
1436 4064 1505 4128 per·

159 4138 240 4219 peris
264 4164 290 4201 c.
316 4140 396 4221 qued
422 4139 494 4202 dure
512 4139 643 4205 dcbeuut
662 4138 754 4203 hodic
773 4159 827 4222 per
843 4149 938 4202 totum
962 4138 1046 4201 diem
1070 4136 1170 4200 dictos
1194 4136 1322 4199 ducatos
1338 4157 1383 4198 vc.
1410 4130 1506 4217 Oopl.

153 4246 211 4303 prr
235 4250 347 4288 xxviii.

244 4417 303 4482 lue
333 4444 385 4481 rur
410 4444 602 4482 semicanis.
637 4418 673 4482 ln
706 4416 888 4482 consilio
920 4434 1165 4500 rogatorum
1198 4412 1270 4477 boll.
1296 4436 1369 4476 xxx.
1400 4408 1509 4476 Prima

158 4525 228 4587 pars
259 4522 303 4569 est
338 4507 375 4569 cle
403 4507 593 4571 restituendo
624 4507 753 4570 ducatos
783 4505 848 4567 auri
872 4530 910 4567 ec
934 4518 1091 4567 irruituatos
1123 4502 1248 4567 comuni
1276 4499 1315 4564 ab
1344 4498 1508 4583 epilropis,

156 4594 313 4673 quondam
337 4593 445 4657 N‘cule
476 4595 514 4658 «lc
537 4594 659 4676 t‘bcrpa
692 4594 730 4656 dc
754 4592 864 4676 primis
887 4591 1024 4655 denariis
1055 4590 1177 4655 dobune
1200 4589 1264 4652 sini
1288 4585 1336 4652 rel
1357 4584 1435 4649 salis
1455 4604 1509 4651 oo-

158 4682 271 4745 munis.
296 4682 377 4745 luctu
401 4681 559 4745 solucione
583 4681 720 4765 illisqui
744 4694 815 4744 sunt
839 4680 877 4743 ad
902 4697 1029 4763 presens
1052 4679 1171 4762 scripti,
1194 4676 1309 4742 debere
1331 4672 1510 4758 reciperet
