3270 5138
132 222 194 288 136
733 224 770 286 A.
799 226 891 288 1361.

218 413 323 478 Prima
352 432 424 496 pars
445 416 502 492 est,
534 413 617 497 quod
648 412 862 479 ambaxatores
887 413 1023 480 debeant
1052 418 1214 498 expectare
1244 413 1484 498 responsionem

131 506 280 567 nostram.
308 498 401 581 Gopt.
420 520 482 584 per
503 524 601 565 xxxa.

218 587 324 653 Prima
347 607 418 671 pars
442 592 499 666 cst,
529 589 613 673 quod
636 587 781 653 dominus
804 591 906 653 rector
927 607 999 653 cum
1023 606 1148 672 parvo
1177 587 1363 654 consilio
1386 589 1487 673 possit

135 676 322 761 respondere
346 674 468 740 Senclro
501 676 540 740 ad
574 680 715 741 tenorem
739 674 841 740 littere
873 695 937 740 sue.
970 672 1011 741 Et
1043 675 1141 740 eciam
1164 694 1255 760 posse
1287 681 1340 741 tan
1382 696 1415 743 re
1445 675 1487 743 de

134 784 209 849 pace
232 782 304 828 cum
328 761 390 827 illis
423 762 539 847 pulcris
571 762 673 830 verbis
696 782 757 846 que
780 762 826 827 eis
849 762 1044 827 videbuntur.
1080 760 1172 847 Gapt.
1199 783 1262 847 per
1359 788 1484 829 ,ιιινιι

220 850 326 916 Prima
358 856 509 934 pareest,
543 851 581 914 de
612 849 820 934 permittendo
844 849 973 915 Venetis
1002 849 1046 915 ire
1069 850 1215 917 Catarum
1239 870 1310 915 cum
1332 875 1345 914 1
1367 849 1487 916 barche

133 957 239 1005 vacua.
268 935 361 1022 Capt.
380 957 443 1018 per
465 957 579 1002 orrracs.

221 1024 326 1090 Prima
349 1044 421 1109 pars
453 1034 509 1101 est,
538 1025 621 1109 quod
645 1022 793 1088 dominus
815 1030 916 1088 rector
939 1044 1009 1089 curn
1034 1023 1156 1090 duobus
1179 1024 1350 1108 capitaneis
1372 1044 1487 1111 guerre

134 1113 272 1178 habeant
295 1110 381 1176 illam
405 1110 580 1178 libertatem
605 1131 698 1194 quam
724 1109 899 1176 habuerunt
927 1110 1029 1195 primi.
1062 1110 1201 1196 Excepto
1224 1113 1305 1195 quod
1330 1131 1393 1176 non
1414 1132 1486 1197 pos-

134 1201 198 1265 sint
222 1200 396 1284 erpendere
419 1219 436 1263 a
464 1199 603 1284 perperis
627 1224 643 1263 c
666 1219 768 1284 supra.
800 1196 842 1263 Et
871 1198 898 1262 si
922 1218 1012 1264 casus
1042 1199 1088 1264 eis
1110 1198 1264 1265 accideret
1287 1198 1484 1284 expendendi

133 1287 204 1373 plus
227 1306 374 1372 perperos
397 1310 424 1370 e,
447 1287 637 1353 denuncient
660 1287 699 1350 ad
725 1285 809 1351 istud
833 1284 1007 1352 consilium.
1035 1286 1129 1367 Oapt.
1149 1306 1211 1368 per
1232 1310 1347 1352 xxxur.

221 1479 282 1545 Dm
310 1504 353 1544 nn
376 1502 555 1544 sorsuenrs.
588 1477 695 1545 Meroe
722 1478 761 1542 de
791 1478 917 1561 Bagane
950 1477 981 1541 in
1013 1476 1164 1542 minori
1194 1478 1378 1543 consilio
1408 1498 1485 1544 sono

135 1586 285 1651 campane
309 1570 364 1631 etc.
397 1564 548 1651 obligarit
570 1586 614 1649 se,
636 1565 676 1631 de
699 1565 881 1630 adducendo
906 1564 1076 1650 Ragusium
1100 1564 1248 1630 frumenti
1272 1565 1366 1631 staria
1387 1564 1486 1644 mille,

134 1654 193 1719 sub
216 1673 298 1739 pena
328 1654 367 1719 de
389 1651 508 1737 grossis
530 1677 568 1716 ιιι
600 1671 657 1737 pro
680 1651 819 1735 quolibet
849 1652 944 1717 sterio
976 1653 1003 1716 si
1036 1671 1098 1717 non
1121 1652 1268 1718 educeret
1299 1672 1399 1736 usque
1429 1672 1486 1738 per

132 1747 232 1806 toturn
257 1741 360 1806 cernis
383 1740 518 1822 primum
543 1740 682 1824 proxime
698 1738 848 1803 futurum.
872 1738 914 1805 nt
936 1739 1055 1805 dictum
1072 1738 1236 1805 consilium
1260 1739 1403 1824 promisit
1425 1740 1486 1807 sibi

132 1830 206 1895 dare
236 1847 290 1912 pro
321 1826 461 1912 quolibet
491 1826 586 1891 stario
609 1846 753 1911 grossum
787 1845 891 1891 unum.
925 1825 966 1891 Ilt
996 1826 1022 1891 si
1054 1826 1156 1892 dictus
1179 1824 1285 1893 Marce
1315 1846 1413 1910 usque
1444 1828 1485 1893 ad

133 1916 290 2000 prefatum
313 1914 481 1980 terminum
498 1914 600 1979 carnis
624 1913 715 1997 primi
736 1913 882 1979 educeret
904 1912 987 1978 ultra
1002 1913 1117 1979 dictam
1141 1933 1297 1978 summam
1318 1914 1486 1980 elatiorem

135 2003 221 2069 mille
245 2004 284 2067 ad
308 2021 403 2085 quarn
419 2021 452 2067 se
469 1999 588 2084 obligat
612 2019 709 2084 usque
724 2000 764 2064 ad
781 2000 876 2065 staria
898 2000 1070 2085 quingente
1085 2002 1124 2065 ad
1148 2020 1209 2084 que
1225 2014 1289 2066 non
1311 2020 1345 2066 se
1367 2000 1487 2087 obligat

135 2091 331 2166 educturum,
355 2089 475 2153 dictum
499 2086 664 2152 consilinm
696 2092 838 2153 teneatur
866 2087 1010 2154 similiter
1033 2089 1106 2155 dare
1130 2088 1190 2172 ipsi
1212 2087 1319 2154 Marce
1340 2107 1486 2172 grossum

136 2198 233 2243 unum
258 2196 313 2261 pro
337 2175 476 2259 quolibet
498 2174 602 2238 stario.

223 2260 390 2345 (Morpini
413 2261 583 2343 adscrmt.)
615 2261 743 2327 (lassum
775 2262 849 2345 quia
879 2262 987 2328 adunit
1016 2267 1048 2328 et
1070 2260 1152 2329 lacta
1182 2262 1242 2328 suit
1271 2262 1332 2329 sibi
1364 2263 1488 2329 satifac-

136 2354 264 2416 tionem.

227 2436 289 2502 Drn
311 2459 357 2499 xn
381 2458 559 2501 oncnuanrs.
583 2432 708 2514 -Qui
732 2456 836 2501 maroe
861 2436 935 2502 fecit
957 2436 1113 2522 apportari
1137 2436 1308 2521 Ragusium
1331 2456 1388 2523 pro
1404 2437 1489 2503 dictu

140 2523 346 2608 obligacione,
371 2522 541 2587 secundum
566 2521 753 2589 relacionem
770 2522 883 2588 Marini
909 2524 948 2590 de
970 2524 1143 2608 Bupignolo
1166 2525 1205 2591 de
1222 2524 1378 2591 frumento
1393 2525 1489 2591 staria

140 2610 226 2676 mille
249 2615 375 2674 centurn
400 2628 506 2673 unum.
532 2644 572 2655 -
600 2608 680 2674 Item
704 2609 777 2677 lecit
799 2611 956 2694 apportari
980 2611 1076 2675 staria
1097 2635 1291 2678 cnrxrxrnn
1315 2611 1488 2678 secundum

141 2697 327 2763 relacionem
350 2696 441 2777 Palqe
465 2698 503 2762 de
525 2696 675 2761 Palmota.

225 2784 285 2848 Dra
308 2808 339 2848 vr
355 2807 535 2849 aornaaars.
559 2782 754 2866 Reputorum
772 2782 846 2848 boll.
870 2808 985 2849 xxxru.
1012 2784 1116 2849 Prima
1132 2804 1203 2869 pars
1225 2791 1282 2862 cst,
1307 2785 1391 2870 quod
1410 2784 1489 2853 fiant

138 2898 157 2937 v
180 2870 301 2936 nobiles
324 2869 477 2949 hominen,
511 2871 563 2954 qui
587 2869 721 2936 debeant
751 2871 884 2936 formare
906 2870 1126 2937 comissionem
1159 2872 1405 2938 aurbaniatorum
1427 2872 1489 2937 itu·

139 2978 244 3024 rorum
276 2959 314 3023 ad
345 2958 506 3023 dominnm
540 2966 680 3023 nostrum
712 2957 873 3023 dominum
905 2977 1025 3042 regem,
1057 2978 1117 3041 que
1145 2960 1251 3026 reduci
1283 2959 1418 3026 debeant
1448 2960 1489 3025 ad

139 3047 223 3113 istud
247 3045 411 3110 consilium
436 3047 475 3110 ad
498 3046 743 3130 approbandum.
772 3046 863 3127 Capt.
882 3065 943 3129 per
965 3068 1065 3110 xxvu.

227 3248 282 3313 Ser
303 3246 436 3311 Johanis
457 3244 543 3311 Pauli
568 3247 607 3312 de
631 3246 772 3312 Gondola

227 3336 283 3401 Ser
306 3334 449 3400 Marinus
472 3333 510 3399 de
535 3334 643 3415 lllence
667 3334 824 3419 quondam
847 3333 934 3416 Junij

227 3424 283 3489 Ser
306 3422 445 3487 Marinus
468 3422 505 3486 de
530 3422 615 3485 Boua

227 3510 284 3577 Ser
316 3508 424 3573 Nicola
455 3510 493 3573 de
525 3509 699 3601 §lavarnigo

227 3598 283 3665 Ser
306 3598 418 3663 Petrus
441 3597 479 3661 de
504 3595 647 3682 Ragninn

1025 3378 1064 3442 ad
1088 3377 1283 3477 formandam
1307 3378 1418 3443 comis·

1165 3484 1295 3531 sronem.

228 3818 289 3884 Dra
309 3842 350 3881 vu
365 3840 545 3881 novenaria.
569 3815 607 3880 In
632 3815 781 3881 minori
806 3815 986 3882 consilio
1010 3832 1085 3879 sono
1109 3832 1258 3897 campane
1283 3818 1337 3879 eto.
1363 3820 1489 3898 captum

142 3907 201 3971 fuit
223 3914 255 3972 et
278 3904 446 3981 firmatum,
470 3903 508 3968 de
531 3904 662 3969 emendo
683 3902 830 3969 salmasc
853 3902 1002 3969 immenti
1026 3902 1058 3966 in
1081 3901 1242 3966 credencia
1265 3901 1360 3966 trium
1383 3902 1431 3967 rel
1445 3926 1490 3967 ιιιι

141 4013 305 4061 mensium.

228 4081 294 4146 Hec
324 4084 398 4145 eunt
428 4083 519 4162 pacta
548 4096 608 4161 que
640 4077 713 4144 lecit
745 4077 890 4144 dominns
923 4086 1024 4144 rector
1054 4095 1104 4142 ser
1128 4074 1255 4141 Blaxius
1285 4076 1323 4141 de
1351 4075 1490 4154 Bubalia,

141 4189 212 4234 cum
236 4186 359 4252 parro
382 4164 578 4241 consilio,
602 4185 673 4229 cum
690 4165 842 4229 Balislara
857 4166 896 4232 de
913 4166 1093 4251 Bucignolo
1117 4170 1151 4228 ut
1167 4164 1233 4248 ipse
1249 4168 1355 4229 tenere
1378 4162 1491 4229 debeat

142 4256 173 4321 in
199 4254 369 4341 Ragusium
401 4273 497 4319 unum
529 4251 707 4335 pistrinum,
742 4258 773 4317 et
800 4273 860 4337 que
889 4252 956 4337 ipse
981 4251 1145 4317 Ballistam
1176 4250 1320 4335 promisit
1352 4250 1489 4316 comuni.

142 4342 183 4411 nt
205 4342 264 4407 hec
296 4348 386 4426 pacta
408 4340 482 4407 fecit
512 4340 578 4425 ipse
600 4339 746 4403 dominus
776 4343 877 4405 rector
909 4347 940 4406 et
963 4359 1091 4422 parvum
1122 4337 1287 4404 consilium
1319 4358 1391 4403 curn
1422 4337 1490 4421 ipso

142 4428 308 4497 Ballislara
330 4448 367 4495 ex
391 4426 573 4495 auctoritate
597 4426 723 4492 maioris
745 4425 867 4492 consilii
890 4427 935 4493 eis
958 4428 1038 4491 olata.

229 4514 267 4583 ln
291 4515 401 4600 primis
423 4516 490 4603 ipse
513 4514 658 4581 dominus
680 4518 781 4580 rector
804 4532 874 4579 cum
899 4534 1023 4599 parvo
1047 4512 1229 4579 consilio
1253 4512 1396 4599 promisit
1417 4514 1491 4579 dare

144 4604 247 4673 eidem
277 4600 442 4672 Ballialare
473 4620 570 4689 usque
601 4602 772 4671 addacem
803 4620 903 4669 annos
932 4600 1002 4667 illas
1033 4600 1186 4669 staciones
1216 4619 1276 4688 que
1305 4604 1379 4669 sunt
1408 4600 1492 4695 intra
