3224 5108
125 219 186 283 328
719 226 756 288 A.
783 228 876 292 1363.

126 429 180 492 per
205 428 261 473 uos
284 435 303 473 ιι
328 411 455 497 iudices⁷
479 416 515 478 ec
538 414 631 479 etiem
658 413 733 478 uisis
755 418 787 480 et
810 413 976 480 intellectis
1000 415 1119 480 iuribus
1143 417 1323 500 productis
1349 438 1415 501 per
1440 417 1511 483 illos

126 496 164 560 de
182 498 328 581 llcnesse‚
352 498 459 564 habite
482 501 709 568 deliberacione
724 501 889 586 sollempni
907 523 961 586 per
977 522 1094 578 omnes
1120 505 1253 570 nemine
1277 504 1509 591 discrepante,

126 583 260 650 dicimus
284 591 315 650 ct
338 607 393 670 per
415 606 570 654 summam
595 589 777 666 iudicemus,
802 591 885 673 quod
907 592 1116 674 possessiones
1140 591 1271 657 illorum
1299 593 1344 659 do
1363 594 1511 661 Benesso

125 679 155 737 ot
178 673 332 737 Johunnis
355 676 393 740 de
417 674 528 753 (hedo,
552 696 612 760 que
636 682 709 741 sunt
732 679 789 743 sub
813 684 920 756 terres,
946 699 1006 763 que
1030 683 1179 744 vocentur
1202 681 1332 746 Lsstus
1359 681 1399 747 in
1425 682 1509 768 Qen-

125 760 226 838 cheto
250 761 384 826 debeant
408 782 440 828 se
463 764 627 830 ent-endere
654 784 762 830 versus
787 772 934 843 montem,
963 786 1070 832 uersus
1092 767 1130 831 ed
1153 769 1183 850 l,
1218 788 1286 851 que
1312 774 1399 835 sunt
1425 770 1509 836 scul-

126 847 188 930 pite
213 849 246 912 in
269 848 433 932 lapidibus.
458 849 498 915 Et
523 852 606 934 quod
629 873 647 916 a
669 852 761 917 dictis
784 854 803 934 l
826 873 919 936 suprs
943 860 1042 918 totum
1066 855 1108 918 sit
1130 856 1328 921 communis.

200 936 362 1088 tSimiliter
378 944 566 1088 sumlmatum
580 940 617 1004 de
631 939 825 1023 possessione
838 941 1068 1026 Punoellerum,
1084 942 1167 1025 quod
1185 941 1306 1009 debeat
1325 945 1376 1011 iro
1392 965 1506 1010 seusus

127 1042 197 1088 mou
213 1044 261 1090 em
288 1044 385 1107 usque
409 1046 426 1089 o
476 1058 498 1095 ι.

212 1217 434 1282 Possessio
458 1217 609 1282 Morini
633 1221 679 1284 de
703 1219 861 1285 Vitene.

215 1304 411 1369 Summetum
435 1306 503 1382 fuit,
528 1306 610 1389 quod
642 1307 796 1390 possessio
819 1306 934 1372 diutini
966 1309 1003 1373 de
1029 1307 1139 1374 Vitene
1163 1306 1280 1375 hebere
1314 1309 1441 1377 debent
1465 1336 1501 1377 ιιι

128 1389 310 1473 planeselos
336 1412 466 1475 quorum
490 1413 572 1458 unus
587 1400 634 1458 est
657 1414 750 1479 supro
766 1394 870 1459 elium.
895 1393 935 1461 Et
951 1396 1061 1461 tertius
1083 1402 1132 1462 est
1148 1396 1235 1461 iuxta
1251 1396 1327 1462 illos
1352 1420 1372 1463 s
1395 1398 1500 1465 lotcre

127 1478 281 1555 levantis,
306 1500 404 1563 usque
428 1481 466 1544 od
489 1483 508 1563 {s
531 1481 628 1546 sectos
653 1483 685 1547 in
709 1482 874 1566 lapidibus.

215 1670 409 1736 Sumiuotum
435 1671 493 1736 suit
509 1692 564 1756 per
579 1692 695 1751 omues,
721 1676 803 1757 quod
827 1694 935 1740 omnes
951 1674 1173 1757 possessiones,
1197 1695 1259 1758 que
1279 1682 1358 1740 sunt
1382 1696 1404 1740 o
1421 1696 1495 1760 pos·

128 1758 263 1822 sessione
288 1760 386 1824 sancti
410 1760 519 1825 iacobi
552 1762 590 1825 de
614 1761 741 1844 Visnice
773 1782 869 1845 usque
893 1762 932 1826 ed
956 1760 1063 1828 villam
1086 1762 1239 1841 Bulentis‚
1271 1763 1319 1829 ire
1348 1762 1494 1831 debeant

127 1864 197 1910 cum
222 1866 276 1910 suo
300 1852 384 1911 recto
409 1849 569 1930 usquead
593 1855 741 1915 montem.

213 2039 510 2106 Possessionos
532 2039 594 2122 (S.)
618 2040 747 2107 Merie
771 2042 816 2106 de
840 2041 990 2122 lisceto
1013 2060 1156 2106 versus
1181 2041 1421 2108 Buleutum.

215 2127 409 2192 Summetum
433 2128 501 2207 luit,
536 2128 618 2210 quod
643 2129 854 2212 possessiones
877 2128 990 2194 Sancte
1013 2128 1113 2194 Morio
1146 2129 1184 2194 de
1207 2128 1325 2210 Repeto
1349 2130 1491 2197 debeant

129 2214 172 2279 irc
197 2234 302 2279 veusus
334 2221 472 2280 montem
505 2235 574 2279 cum
600 2234 655 2278 suo
680 2223 773 2299 recto,
807 2217 904 2282 donec
932 2235 995 2281 non
1019 2216 1177 2283 invenient
1199 2218 1405 2296 contrsrium,
1434 2238 1491 2302 per

128 2321 236 2366 cinnes
260 2302 387 2370 iudices.
414 2303 538 2367 nemine
561 2302 767 2387 discrepante,
802 2324 897 2387 quere
926 2324 988 2368 non
1011 2304 1189 2370 habuerunt
1210 2305 1404 2371 contrarium
1431 2326 1490 2390 per

128 2394 223 2456 testes
247 2408 304 2454 neo
327 2409 383 2473 per
406 2389 465 2453 elie
489 2390 564 2454 iure.

213 2581 428 2645 Possessio
459 2580 576 2662 lunij
609 2582 653 2645 de
678 2580 868 2664 Phasma,
900 2590 938 2647 et
971 2583 1189 2665 possessio
1217 2582 1405 2649 Morusse
1439 2584 1489 2648 de

131 2669 310 2733 llubclio.

216 2755 298 2820 Visis
330 2762 360 2819 et
389 2754 555 2838 diligenter
587 2753 752 2820 intellectis
784 2756 1060 2821 testifieecionibus
1091 2756 1273 2822 examinetis
1297 2757 1337 2822 de
1361 2777 1488 2840 posses-

128 2846 213 2910 sione
245 2842 376 2908 oondom
400 2842 486 2923 Junij
512 2845 549 2908 de
574 2842 689 2926 desim,
723 2864 783 2926 que
806 2851 851 2908 est
881 2845 911 2908 in
936 2843 1057 2909 Ombla,
1087 2864 1123 2908 oc
1145 2844 1238 2911 etiem
1262 2844 1338 2908 visis
1361 2845 1488 2909 iuribus

128 2939 159 2998 ct
183 2929 426 3015 ellegscionibus
450 2929 537 2995 llere
560 2951 636 2994 uxor
659 2930 734 2994 dicti
759 2932 856 3014 Junij‚
884 2952 937 3014 per
955 2933 1102 2996 iuniorem
1120 2938 1236 3014 partem
1262 2938 1447 2997 nostrorum
1463 2956 1489 2996 x

129 3020 267 3085 iudicum
293 3019 348 3083 Dei
382 3018 508 3082 nomine
539 3019 680 3083 invocato
712 3019 846 3082 dicimus
871 3027 900 3085 et
926 3040 979 3102 per
1002 3039 1157 3083 summum
1181 3019 1367 3103 iudicemus,
1401 3020 1488 3103 quod

129 3108 212 3173 diets
235 3107 388 3190 possessio
411 3107 454 3169 ire
478 3106 589 3170 debeat
613 3125 717 3170 uersus
741 3114 880 3172 montem
905 3127 1001 3190 usque
1025 3109 1063 3170 ed
1087 3107 1168 3170 viem
1186 3107 1372 3181 communis,
1399 3108 1488 3172 iuxta

130 3216 223 3279 apuam
248 3195 327 3258 viem
352 3202 424 3256 suut
449 3194 527 3259 lacte
551 3196 569 3275 i
593 3194 624 3257 iu
650 3193 813 3276 lapidibus.
851 3194 890 3259 ut
914 3196 996 3278 quod
1021 3218 1037 3258 e
1061 3195 1153 3259 dictis
1175 3197 1193 3277 'p
1217 3214 1309 3278 supre
1332 3195 1376 3259 sit
1400 3215 1488 3260 com·

131 3303 241 3347 munus.

218 3438 369 3503 Similiter
393 3446 581 3502 summatum
615 3440 672 3504 t'uit
703 3443 741 3506 de
775 3441 969 3524 possessione
992 3439 1134 3505 ltlurusse
1165 3440 1203 3503 de
1226 3438 1366 3517 Bebslio,
1399 3442 1488 3524 quod

132 3529 241 3593 debest
266 3527 308 3592 ire
332 3545 438 3591 sersus
462 3533 599 3591 montem
625 3547 722 3610 usqne
747 3531 785 3593 ud
810 3529 888 3592 viam
912 3529 1096 3612 communis
1121 3527 1172 3590 ubi
1198 3531 1270 3592 sunt
1285 3525 1366 3592 facte
1390 3528 1420 3610 l.
1447 3528 1489 3594 Et

132 3617 213 3699 quod
237 3614 350 3679 obinde
374 3634 467 3697 supra
491 3615 530 3678 sit
555 3618 737 3680 communis

217 3806 439 3871 Possessio
463 3807 678 3872 Pruuoisci
703 3808 910 3892 speciurii:
934 3807 1118 3887 (possessio)
1142 3805 1279 3890 Augeli
1301 3806 1350 3869 dc
1375 3805 1489 3875 Maxi.

219 3895 414 3959 Summetum
440 3895 497 3958 t'uit
522 3916 575 3977 per
594 3896 739 3960 {maiorem
767 3906 884 3978 partem
902 3920 922 3957 x
939 3895 1088 3969 iudicum,
1113 3895 1196 3976 quod
1214 3893 1365 3976 possessio
1384 3893 1492 3961 Pran-

132 3982 204 4046 cisci
233 3982 375 4064 speoiurii
410 3990 440 4045 et
463 3984 646 4062 (possessio)
671 3983 784 4068 Augeli
818 3984 855 4047 de
879 3982 962 4047 Maxi
988 3983 1120 4047 debeant
1143 3981 1188 4047 ire
1213 4000 1317 4047 versus
1343 3994 1490 4049 montem

130 4091 228 4152 usque
260 4072 298 4133 ed
329 4070 420 4146 uiauu,
454 4071 624 4135 secundum
656 4092 748 4154 quem
781 4072 895 4134 vadunt
919 4073 937 4136 i
961 4092 978 4133 a
1004 4069 1137 4134 levante
1161 4070 1200 4132 ed
1222 4069 1407 4134 Poneutem.
1445 4070 1491 4137 lut

131 4159 213 4240 quod
245 4158 357 4221 abinde
387 4177 479 4240 supra
507 4159 546 4221 sit
570 4160 754 4223 excommunis.
790 4157 827 4221 Et
851 4177 959 4221 omues
991 4157 1048 4222 ulie
1073 4157 1292 4239 possessiones,
1324 4175 1386 4239 que
1411 4166 1491 4223 sient

131 4246 244 4310 abinde
273 4247 429 4328 insutos,
464 4267 568 4310 versus
593 4247 762 4311 Pouentem
790 4266 885 4327 usque
917 4246 954 4307 ad
980 4245 1098 4328 spelaui
1123 4244 1245 4308 illorum
1278 4244 1316 4307 de
1338 4242 1490 4311 Pelmota

132 4334 234 4398 uenire
259 4335 392 4400 delmaut
412 4354 509 4417 usquc
533 4334 571 4397 ad
595 4334 676 4397 siem
702 4335 781 4398 ¹sicut
806 4335 921 4397 uadunt
945 4334 963 4397 i
987 4354 1004 4396 a
1022 4333 1155 4397 [levante
1179 4333 1216 4396 sd
1232 4331 1417 4397 Pouentem.
1445 4332 1489 4399 ldt

131 4422 243 4486 abinde
275 4444 366 4506 supra
394 4423 433 4485 sit
457 4422 639 4485 ocumumis.
673 4420 710 4485 Et
736 4444 753 4485 n
781 4421 865 4505 spele
897 4441 1002 4485 uersus
1025 4421 1196 4484 Pouentem
1221 4438 1318 4500 usquc
1349 4420 1388 4484 sd
1415 4440 1490 4504 pos-

133 4510 302 4576 sessionem
326 4511 401 4595 (Jiuc
431 4511 468 4573 de
496 4508 670 4573 lllurculino
703 4529 810 4574 oiunes
835 4509 1045 4592 possessiones
1076 4506 1180 4572 vestire
1211 4507 1344 4573 «leucam
1377 4527 1489 4575 versus

134 4606 270 4663 montem
294 4600 332 4664 cd
357 4598 436 4663 viem
462 4597 633 4662 secuudum
659 4598 740 4681 quod
765 4598 881 4662 vadunt
903 4597 929 4679 l.
1321 4624 1324 4628 ·
